
    <record>
        <leader>01159ncm a22003493u 4500</leader>
        <controlfield tag="001">019285962</controlfield>
        <controlfield tag="003">Uk</controlfield>
        <controlfield tag="005">20230223165857.0</controlfield>
        <controlfield tag="006">m    ||  z |      </controlfield>
        <controlfield tag="007">cr |||||||||||</controlfield>
        <controlfield tag="008">190306s2017    xxk|||| o||||||n  |      </controlfield>
        <datafield tag="028" ind1="3" ind2="2">
            <subfield code="a">32347</subfield>
            <subfield code="b">Music Sales</subfield>
            <subfield code="q">(Product Id)</subfield>
        </datafield>
        <datafield tag="028" ind1="3" ind2="2">
            <subfield code="a">smd_109161</subfield>
            <subfield code="b">Music Sales</subfield>
            <subfield code="q">(Cat Ref)</subfield>
        </datafield>
        <datafield tag="033" ind1="0" ind2=" ">
            <subfield code="a">20050613</subfield>
        </datafield>
        <datafield tag="040" ind1=" " ind2=" ">
            <subfield code="a">Uk</subfield>
            <subfield code="b">eng</subfield>
            <subfield code="c">Uk</subfield>
        </datafield>
        <datafield tag="082" ind1="1" ind2="4">
            <subfield code="a">780</subfield>
            <subfield code="2">15</subfield>
        </datafield>
        <datafield tag="245" ind1="0" ind2="0">
            <subfield code="a">Murder On The Orient Express /</subfield>
            <subfield code="c">[Richard Rodney Bennett].</subfield>
        </datafield>
        <datafield tag="250" ind1=" " ind2=" ">
            <subfield code="a">Easy Piano.</subfield>
        </datafield>
        <datafield tag="264" ind1=" " ind2="1">
            <subfield code="a">[United Kingdom] :</subfield>
            <subfield code="b">[Music Sales],</subfield>
            <subfield code="c">[2017]</subfield>
        </datafield>
        <datafield tag="300" ind1=" " ind2=" ">
            <subfield code="a">1 online resource (1 score (2 pages))</subfield>
        </datafield>
        <datafield tag="336" ind1=" " ind2=" ">
            <subfield code="a">notated music</subfield>
            <subfield code="2">rdacontent</subfield>
        </datafield>
        <datafield tag="337" ind1=" " ind2=" ">
            <subfield code="a">computer</subfield>
            <subfield code="2">rdamedia</subfield>
        </datafield>
        <datafield tag="338" ind1=" " ind2=" ">
            <subfield code="a">online resource</subfield>
            <subfield code="2">rdacarrier</subfield>
        </datafield>
        <datafield tag="365" ind1=" " ind2=" ">
            <subfield code="b">2.99</subfield>
            <subfield code="c">GBP</subfield>
        </datafield>
        <datafield tag="588" ind1=" " ind2=" ">
            <subfield code="a">Description based on publisher metadata.</subfield>
        </datafield>
        <datafield tag="655" ind1=" " ind2="7">
            <subfield code="a">Motion picture music.</subfield>
            <subfield code="2">fast</subfield>
            <subfield code="0">(OCoLC)fst01726674</subfield>
        </datafield>
        <datafield tag="655" ind1=" " ind2="7">
            <subfield code="a">Notated music.</subfield>
            <subfield code="2">fast</subfield>
            <subfield code="0">(OCoLC)fst01920428</subfield>
        </datafield>
        <datafield tag="720" ind1=" " ind2=" ">
            <subfield code="a">Richard Rodney Bennett</subfield>
        </datafield>
        <datafield tag="852" ind1=" " ind2=" ">
            <subfield code="a">British Library</subfield>
            <subfield code="b">MUSIC</subfield>
            <subfield code="c">DRT</subfield>
            <subfield code="j">ELD.DS.DSM.18496</subfield>
        </datafield>
        <datafield tag="859" ind1=" " ind2=" ">
            <subfield code="a">ELD</subfield>
            <subfield code="b">escore</subfield>
        </datafield>
        <datafield tag="884" ind1=" " ind2=" ">
            <subfield code="a">Music Sales Digital Score Excel to MARC</subfield>
            <subfield code="g">20190304</subfield>
            <subfield code="k">32347</subfield>
            <subfield code="q">Uk</subfield>
        </datafield>
        <datafield tag="903" ind1=" " ind2=" ">
            <subfield code="a">ELD.DS.DSM.18496</subfield>
        </datafield>
    </record>