
    <record>
        <leader>01205pam a2200325 i 4500</leader>
        <controlfield tag="001">019244051</controlfield>
        <controlfield tag="003">Uk</controlfield>
        <controlfield tag="005">20230803155806.0</controlfield>
        <controlfield tag="008">181210s2021    ohua     6    000 1 eng d</controlfield>
        <datafield tag="015" ind1=" " ind2=" ">
            <subfield code="a">GBB924645</subfield>
            <subfield code="2">bnb</subfield>
        </datafield>
        <datafield tag="016" ind1="7" ind2=" ">
            <subfield code="a">019244051</subfield>
            <subfield code="2">Uk</subfield>
        </datafield>
        <datafield tag="020" ind1=" " ind2=" ">
            <subfield code="a">9781632294579</subfield>
            <subfield code="q">paperback</subfield>
            <subfield code="c">£13.99</subfield>
        </datafield>
        <datafield tag="040" ind1=" " ind2=" ">
            <subfield code="a">StDuBDS</subfield>
            <subfield code="b">eng</subfield>
            <subfield code="c">StDuBDS</subfield>
            <subfield code="d">Uk</subfield>
            <subfield code="e">rda</subfield>
        </datafield>
        <datafield tag="042" ind1=" " ind2=" ">
            <subfield code="a">ukblsr</subfield>
        </datafield>
        <datafield tag="082" ind1="0" ind2="4">
            <subfield code="a">741.5973</subfield>
            <subfield code="2">23</subfield>
        </datafield>
        <datafield tag="100" ind1="1" ind2=" ">
            <subfield code="a">Bryant, Steve,</subfield>
            <subfield code="d">1965-</subfield>
            <subfield code="e">author,</subfield>
            <subfield code="e">artist.</subfield>
        </datafield>
        <datafield tag="245" ind1="1" ind2="0">
            <subfield code="a">Athena Voltaire and the terror on the Orient Express /</subfield>
            <subfield code="c">[written by] Bryant ; [drawn by] Cicero ; [colored by] Alonso ; [edited by] Murrin.</subfield>
        </datafield>
        <datafield tag="264" ind1=" " ind2="1">
            <subfield code="a">[Ashland?] :</subfield>
            <subfield code="b">Atomic Tiki Studio and Action Lab Entertainment,</subfield>
            <subfield code="c">[2021]</subfield>
        </datafield>
        <datafield tag="300" ind1=" " ind2=" ">
            <subfield code="a">1 volume (unpaged) :</subfield>
            <subfield code="b">chiefly illustrations (colour) ;</subfield>
            <subfield code="c">26 cm</subfield>
        </datafield>
        <datafield tag="336" ind1=" " ind2=" ">
            <subfield code="a">still image</subfield>
            <subfield code="2">rdacontent</subfield>
        </datafield>
        <datafield tag="336" ind1=" " ind2=" ">
            <subfield code="a">text</subfield>
            <subfield code="2">rdacontent</subfield>
        </datafield>
        <datafield tag="337" ind1=" " ind2=" ">
            <subfield code="a">unmediated</subfield>
            <subfield code="2">rdamedia</subfield>
        </datafield>
        <datafield tag="338" ind1=" " ind2=" ">
            <subfield code="a">volume</subfield>
            <subfield code="2">rdacarrier</subfield>
        </datafield>
        <datafield tag="500" ind1=" " ind2=" ">
            <subfield code="a">Formerly CIP.</subfield>
            <subfield code="5">Uk</subfield>
        </datafield>
        <datafield tag="655" ind1=" " ind2="0">
            <subfield code="a">Noir comic books, strips, etc.</subfield>
        </datafield>
        <datafield tag="655" ind1=" " ind2="7">
            <subfield code="a">Comics (Graphic works)</subfield>
            <subfield code="2">fast</subfield>
            <subfield code="0">(OCoLC)fst01921613</subfield>
        </datafield>
        <datafield tag="700" ind1="1" ind2=" ">
            <subfield code="a">Alonso, DC,</subfield>
            <subfield code="e">colourist.</subfield>
        </datafield>
        <datafield tag="700" ind1="1" ind2=" ">
            <subfield code="a">Cicero, Abel,</subfield>
            <subfield code="e">artist.</subfield>
        </datafield>
        <datafield tag="700" ind1="1" ind2=" ">
            <subfield code="a">Murrin, Christopher,</subfield>
            <subfield code="e">editor.</subfield>
        </datafield>
        <datafield tag="852" ind1="4" ind2="1">
            <subfield code="a">British Library</subfield>
            <subfield code="b">HMNTS</subfield>
            <subfield code="j">YKL.2023.b.16945</subfield>
        </datafield>
    </record>