
    <record>
        <leader>01291ncm a22003853u 4500</leader>
        <controlfield tag="001">019181043</controlfield>
        <controlfield tag="003">Uk</controlfield>
        <controlfield tag="005">20230223165507.0</controlfield>
        <controlfield tag="006">m    ||  z |      </controlfield>
        <controlfield tag="007">cr |||||||||||</controlfield>
        <controlfield tag="008">181214t20181974enk|||| o||||||n  |      </controlfield>
        <datafield tag="028" ind1="3" ind2="2">
            <subfield code="a">26384</subfield>
            <subfield code="b">Faber Music</subfield>
            <subfield code="q">(Song ID)</subfield>
        </datafield>
        <datafield tag="028" ind1="3" ind2="2">
            <subfield code="a">29150</subfield>
            <subfield code="b">Faber Music</subfield>
            <subfield code="q">(Engraving ID)</subfield>
        </datafield>
        <datafield tag="040" ind1=" " ind2=" ">
            <subfield code="a">Uk</subfield>
            <subfield code="b">eng</subfield>
            <subfield code="c">Uk</subfield>
        </datafield>
        <datafield tag="082" ind1="1" ind2="4">
            <subfield code="a">780</subfield>
            <subfield code="2">15</subfield>
        </datafield>
        <datafield tag="245" ind1="0" ind2="0">
            <subfield code="a">Murder On The Orient Express (Theme) /</subfield>
            <subfield code="c">[Rodney Bennett, Richard].</subfield>
        </datafield>
        <datafield tag="250" ind1=" " ind2=" ">
            <subfield code="a">Piano Solo.</subfield>
        </datafield>
        <datafield tag="264" ind1=" " ind2="1">
            <subfield code="a">[London] :</subfield>
            <subfield code="b">[Faber Music],</subfield>
            <subfield code="c">[2018?]</subfield>
        </datafield>
        <datafield tag="264" ind1=" " ind2="4">
            <subfield code="c">©1974</subfield>
        </datafield>
        <datafield tag="300" ind1=" " ind2=" ">
            <subfield code="a">1 online resource (1 score (2 pages))</subfield>
        </datafield>
        <datafield tag="336" ind1=" " ind2=" ">
            <subfield code="a">notated music</subfield>
            <subfield code="2">rdacontent</subfield>
        </datafield>
        <datafield tag="337" ind1=" " ind2=" ">
            <subfield code="a">computer</subfield>
            <subfield code="2">rdamedia</subfield>
        </datafield>
        <datafield tag="338" ind1=" " ind2=" ">
            <subfield code="a">online resource</subfield>
            <subfield code="2">rdacarrier</subfield>
        </datafield>
        <datafield tag="382" ind1="0" ind2="1">
            <subfield code="a">Guitar</subfield>
            <subfield code="a">Piano</subfield>
        </datafield>
        <datafield tag="384" ind1=" " ind2=" ">
            <subfield code="a">F</subfield>
        </datafield>
        <datafield tag="588" ind1=" " ind2=" ">
            <subfield code="a">Description based on publisher metadata.</subfield>
        </datafield>
        <datafield tag="655" ind1=" " ind2="7">
            <subfield code="a">Instrumental music.</subfield>
            <subfield code="2">fast</subfield>
            <subfield code="0">(OCoLC)fst01726652</subfield>
        </datafield>
        <datafield tag="655" ind1=" " ind2="7">
            <subfield code="a">Motion picture music.</subfield>
            <subfield code="2">fast</subfield>
            <subfield code="0">(OCoLC)fst01726674</subfield>
        </datafield>
        <datafield tag="655" ind1=" " ind2="7">
            <subfield code="a">Notated music.</subfield>
            <subfield code="2">fast</subfield>
            <subfield code="0">(OCoLC)fst01920428</subfield>
        </datafield>
        <datafield tag="720" ind1=" " ind2=" ">
            <subfield code="a">Rodney Bennett, Richard</subfield>
        </datafield>
        <datafield tag="852" ind1=" " ind2=" ">
            <subfield code="a">British Library</subfield>
            <subfield code="b">MUSIC</subfield>
            <subfield code="c">DRT</subfield>
            <subfield code="j">ELD.DS.DSM.11633</subfield>
        </datafield>
        <datafield tag="859" ind1=" " ind2=" ">
            <subfield code="a">ELD</subfield>
            <subfield code="b">escore</subfield>
        </datafield>
        <datafield tag="884" ind1=" " ind2=" ">
            <subfield code="a">Faber Digital Score XML to MARC</subfield>
            <subfield code="g">13/12/2018 03:08:14</subfield>
            <subfield code="k">26384_29150</subfield>
            <subfield code="q">Uk</subfield>
        </datafield>
        <datafield tag="887" ind1=" " ind2=" ">
            <subfield code="a">&lt;Version&gt;Original</subfield>
            <subfield code="2">local</subfield>
        </datafield>
        <datafield tag="903" ind1=" " ind2=" ">
            <subfield code="a">ELD.DS.DSM.11633</subfield>
        </datafield>
    </record>