
    <record>
        <leader>02697pam a2200517 i 4500</leader>
        <controlfield tag="001">019040994</controlfield>
        <controlfield tag="003">Uk</controlfield>
        <controlfield tag="005">20230223164935.0</controlfield>
        <controlfield tag="008">180423s2018    enkab         000 0 eng d</controlfield>
        <datafield tag="015" ind1=" " ind2=" ">
            <subfield code="a">GBB8G4113</subfield>
            <subfield code="2">bnb</subfield>
        </datafield>
        <datafield tag="016" ind1="7" ind2=" ">
            <subfield code="a">019040994</subfield>
            <subfield code="2">Uk</subfield>
        </datafield>
        <datafield tag="020" ind1=" " ind2=" ">
            <subfield code="a">1851499156</subfield>
            <subfield code="q">(hardcover)</subfield>
        </datafield>
        <datafield tag="020" ind1=" " ind2=" ">
            <subfield code="a">9781851499151</subfield>
            <subfield code="q">(hardcover)</subfield>
        </datafield>
        <datafield tag="035" ind1=" " ind2=" ">
            <subfield code="a">(OCoLC)1031903096</subfield>
            <subfield code="z">(OCoLC)1031946437</subfield>
        </datafield>
        <datafield tag="040" ind1=" " ind2=" ">
            <subfield code="a">StDuBDS</subfield>
            <subfield code="b">eng</subfield>
            <subfield code="c">StDuBDS</subfield>
            <subfield code="d">Uk</subfield>
            <subfield code="e">rda</subfield>
        </datafield>
        <datafield tag="041" ind1="1" ind2=" ">
            <subfield code="a">eng</subfield>
            <subfield code="h">fre</subfield>
        </datafield>
        <datafield tag="042" ind1=" " ind2=" ">
            <subfield code="a">ukblcatcopy</subfield>
        </datafield>
        <datafield tag="043" ind1=" " ind2=" ">
            <subfield code="a">e------</subfield>
        </datafield>
        <datafield tag="050" ind1=" " ind2="4">
            <subfield code="a">HE3308</subfield>
            <subfield code="b">.P5313 2018</subfield>
        </datafield>
        <datafield tag="082" ind1="0" ind2="4">
            <subfield code="a">385.22094</subfield>
            <subfield code="2">23</subfield>
        </datafield>
        <datafield tag="100" ind1="1" ind2=" ">
            <subfield code="a">Picon, Guillaume,</subfield>
            <subfield code="e">author.</subfield>
        </datafield>
        <datafield tag="240" ind1="1" ind2="0">
            <subfield code="a">Orient Express, de l'histoire à la légende.</subfield>
            <subfield code="l">English</subfield>
        </datafield>
        <datafield tag="245" ind1="1" ind2="0">
            <subfield code="a">Orient Express :</subfield>
            <subfield code="b">the story of a legend /</subfield>
            <subfield code="c">text by Guillaume Picon ; photography by Benjamin Chelly ; preface by Kenneth Branaugh ; translated by David Watson.</subfield>
        </datafield>
        <datafield tag="264" ind1=" " ind2="1">
            <subfield code="a">Woodbridge, Suffolk, England :</subfield>
            <subfield code="b">ACC Art Books,</subfield>
            <subfield code="c">2018.</subfield>
        </datafield>
        <datafield tag="300" ind1=" " ind2=" ">
            <subfield code="a">240 pages :</subfield>
            <subfield code="b">illustrations (black and white, and colour), maps (colour) ;</subfield>
            <subfield code="c">30 cm</subfield>
        </datafield>
        <datafield tag="336" ind1=" " ind2=" ">
            <subfield code="a">still image</subfield>
            <subfield code="2">rdacontent</subfield>
        </datafield>
        <datafield tag="336" ind1=" " ind2=" ">
            <subfield code="a">text</subfield>
            <subfield code="2">rdacontent</subfield>
        </datafield>
        <datafield tag="337" ind1=" " ind2=" ">
            <subfield code="a">unmediated</subfield>
            <subfield code="2">rdamedia</subfield>
        </datafield>
        <datafield tag="338" ind1=" " ind2=" ">
            <subfield code="a">volume</subfield>
            <subfield code="2">rdacarrier</subfield>
        </datafield>
        <datafield tag="500" ind1=" " ind2=" ">
            <subfield code="a">&quot;First published in the French language by Éditions Albin Michel, Paris, under the title: Orient Express, de l'histoire à la légende.&quot;--Colophon.</subfield>
        </datafield>
        <datafield tag="500" ind1=" " ind2=" ">
            <subfield code="a">Formerly CIP.</subfield>
            <subfield code="5">Uk</subfield>
        </datafield>
        <datafield tag="520" ind1=" " ind2=" ">
            <subfield code="a">&quot;The Orient Express, the first train to connect Europe and the gateway to the East and the incarnation of all the desires and fantasies associated with it, was an immediate success. Quickly becoming known as 'the king of trains, the train of kings,' it became a legend in its own lifetime. Thirty years after its final journey, Orient Express opens up previously unpublished archives and the doors to the restoration workshops, where the hsitoric carriages, witnesses to this mythical story, are being brought back to life...&quot;--Page 4 of cover.</subfield>
        </datafield>
        <datafield tag="650" ind1=" " ind2="0">
            <subfield code="a">Orient Express (Express train)</subfield>
            <subfield code="v">Pictorial works.</subfield>
        </datafield>
        <datafield tag="650" ind1=" " ind2="0">
            <subfield code="a">Orient Express (Express train)</subfield>
            <subfield code="x">History.</subfield>
        </datafield>
        <datafield tag="650" ind1=" " ind2="0">
            <subfield code="a">Railroad travel</subfield>
            <subfield code="z">Europe</subfield>
            <subfield code="v">Pictorial works.</subfield>
        </datafield>
        <datafield tag="650" ind1=" " ind2="0">
            <subfield code="a">Railroad travel</subfield>
            <subfield code="z">Europe</subfield>
            <subfield code="x">History.</subfield>
        </datafield>
        <datafield tag="650" ind1=" " ind2="7">
            <subfield code="a">Orient Express (Express train)</subfield>
            <subfield code="2">fast</subfield>
            <subfield code="0">(OCoLC)fst01048071</subfield>
        </datafield>
        <datafield tag="650" ind1=" " ind2="7">
            <subfield code="a">Railroad travel.</subfield>
            <subfield code="2">fast</subfield>
            <subfield code="0">(OCoLC)fst01088689</subfield>
        </datafield>
        <datafield tag="651" ind1=" " ind2="7">
            <subfield code="a">Europe.</subfield>
            <subfield code="2">fast</subfield>
            <subfield code="0">(OCoLC)fst01245064</subfield>
        </datafield>
        <datafield tag="655" ind1=" " ind2="7">
            <subfield code="a">History.</subfield>
            <subfield code="2">fast</subfield>
            <subfield code="0">(OCoLC)fst01411628</subfield>
        </datafield>
        <datafield tag="655" ind1=" " ind2="7">
            <subfield code="a">Illustrated works.</subfield>
            <subfield code="2">fast</subfield>
            <subfield code="0">(OCoLC)fst01423873</subfield>
        </datafield>
        <datafield tag="655" ind1=" " ind2="7">
            <subfield code="a">Pictorial works.</subfield>
            <subfield code="2">fast</subfield>
            <subfield code="0">(OCoLC)fst01423874</subfield>
        </datafield>
        <datafield tag="700" ind1="1" ind2=" ">
            <subfield code="a">Branagh, Kenneth,</subfield>
            <subfield code="e">writer of preface.</subfield>
        </datafield>
        <datafield tag="700" ind1="1" ind2=" ">
            <subfield code="a">Chelly, Benjamin,</subfield>
            <subfield code="e">photographer.</subfield>
        </datafield>
        <datafield tag="700" ind1="1" ind2=" ">
            <subfield code="a">Watson, David</subfield>
            <subfield code="c">(Translator),</subfield>
            <subfield code="e">translator.</subfield>
        </datafield>
        <datafield tag="852" ind1="4" ind2="1">
            <subfield code="a">British Library</subfield>
            <subfield code="b">HMNTS</subfield>
            <subfield code="j">LC.31.b.20939</subfield>
        </datafield>
    </record>