
    <record>
        <leader>01348 am a2200373 i 4500</leader>
        <controlfield tag="001">018586601</controlfield>
        <controlfield tag="003">Uk</controlfield>
        <controlfield tag="005">20190730153637.0</controlfield>
        <controlfield tag="008">160804s2016    it a     bq  |0|1 0|ita d</controlfield>
        <datafield tag="010" ind1=" " ind2=" ">
            <subfield code="a">2016406878  </subfield>
        </datafield>
        <datafield tag="020" ind1=" " ind2=" ">
            <subfield code="a">9788857534312</subfield>
            <subfield code="q">paperback</subfield>
        </datafield>
        <datafield tag="035" ind1=" " ind2=" ">
            <subfield code="a">(ItFiC)3147699</subfield>
        </datafield>
        <datafield tag="040" ind1=" " ind2=" ">
            <subfield code="a">ItFiC</subfield>
            <subfield code="b">eng</subfield>
            <subfield code="c">ItFiC</subfield>
            <subfield code="d">DLC</subfield>
            <subfield code="d">Uk</subfield>
            <subfield code="e">rda</subfield>
        </datafield>
        <datafield tag="042" ind1=" " ind2=" ">
            <subfield code="a">ukblsr</subfield>
        </datafield>
        <datafield tag="043" ind1=" " ind2=" ">
            <subfield code="a">a------</subfield>
        </datafield>
        <datafield tag="050" ind1="0" ind2="0">
            <subfield code="a">PN1995.9.T728</subfield>
            <subfield code="b">D35 2016</subfield>
        </datafield>
        <datafield tag="082" ind1="1" ind2="4">
            <subfield code="a">791</subfield>
            <subfield code="2">14</subfield>
        </datafield>
        <datafield tag="100" ind1="1" ind2=" ">
            <subfield code="a">Dalla Gassa, Marco,</subfield>
            <subfield code="d">1974-</subfield>
            <subfield code="e">author.</subfield>
        </datafield>
        <datafield tag="245" ind1="1" ind2="0">
            <subfield code="a">Orient (to) express :</subfield>
            <subfield code="b">film di viaggio, etno-grafie, teoria d'autore /</subfield>
            <subfield code="c">Marco Dalla Gassa.</subfield>
        </datafield>
        <datafield tag="264" ind1=" " ind2="1">
            <subfield code="a">Milano [Italia] :</subfield>
            <subfield code="b">Mimesis,</subfield>
            <subfield code="c">[2016].</subfield>
        </datafield>
        <datafield tag="300" ind1=" " ind2=" ">
            <subfield code="a">426 pages :</subfield>
            <subfield code="b">illustrations (black and white) ;</subfield>
            <subfield code="c">21 cm.</subfield>
        </datafield>
        <datafield tag="336" ind1=" " ind2=" ">
            <subfield code="a">text</subfield>
            <subfield code="b">txt</subfield>
            <subfield code="2">rdacontent</subfield>
        </datafield>
        <datafield tag="337" ind1=" " ind2=" ">
            <subfield code="a">unmediated</subfield>
            <subfield code="b">n</subfield>
            <subfield code="2">rdamedia</subfield>
        </datafield>
        <datafield tag="338" ind1=" " ind2=" ">
            <subfield code="a">volume</subfield>
            <subfield code="b">nc</subfield>
            <subfield code="2">rdacarrier</subfield>
        </datafield>
        <datafield tag="490" ind1="1" ind2=" ">
            <subfield code="a">Collana Cinema,</subfield>
            <subfield code="x">2420-9570 ;</subfield>
            <subfield code="v">n. 39</subfield>
        </datafield>
        <datafield tag="490" ind1="1" ind2=" ">
            <subfield code="a">Mimesis/Cinema ;</subfield>
            <subfield code="v">n. 39</subfield>
        </datafield>
        <datafield tag="504" ind1=" " ind2=" ">
            <subfield code="a">Filmography: pages 389-390.</subfield>
        </datafield>
        <datafield tag="504" ind1=" " ind2=" ">
            <subfield code="a">Includes bibliographical references (pages 391-417) and index.</subfield>
        </datafield>
        <datafield tag="546" ind1=" " ind2=" ">
            <subfield code="a">Text in Italian.</subfield>
        </datafield>
        <datafield tag="650" ind1=" " ind2="0">
            <subfield code="a">Travel in motion pictures.</subfield>
        </datafield>
        <datafield tag="651" ind1=" " ind2="0">
            <subfield code="a">Asia</subfield>
            <subfield code="x">In motion pictures.</subfield>
        </datafield>
        <datafield tag="830" ind1=" " ind2="0">
            <subfield code="a">Cinema (Mimesis (Firm))</subfield>
            <subfield code="x">2420-9570 ;</subfield>
            <subfield code="v">n. 39.</subfield>
        </datafield>
        <datafield tag="852" ind1="4" ind2="1">
            <subfield code="a">British Library</subfield>
            <subfield code="b">HMNTS</subfield>
            <subfield code="j">YF.2019.a.15306</subfield>
        </datafield>
        <datafield tag="856" ind1="4" ind2="1">
            <subfield code="3">Table of contents only</subfield>
            <subfield code="u">http://www.loc.gov/catdir/toc/casalini16/3147699.pdf</subfield>
        </datafield>
    </record>