
    <record>
        <leader>00904nam a2200277 i 4500</leader>
        <controlfield tag="001">017188296</controlfield>
        <controlfield tag="003">Uk</controlfield>
        <controlfield tag="005">20160211074747.0</controlfield>
        <controlfield tag="008">150507s2014    uik           000 1 glv  </controlfield>
        <datafield tag="015" ind1=" " ind2=" ">
            <subfield code="a">GBB613707</subfield>
            <subfield code="2">bnb</subfield>
        </datafield>
        <datafield tag="020" ind1=" " ind2=" ">
            <subfield code="a">9780993081606 (paperback)</subfield>
        </datafield>
        <datafield tag="040" ind1=" " ind2=" ">
            <subfield code="a">Uk</subfield>
            <subfield code="b">eng</subfield>
            <subfield code="c">Uk</subfield>
            <subfield code="e">rda</subfield>
        </datafield>
        <datafield tag="041" ind1="1" ind2=" ">
            <subfield code="a">glv</subfield>
            <subfield code="h">eng</subfield>
        </datafield>
        <datafield tag="042" ind1=" " ind2=" ">
            <subfield code="a">ukblsr</subfield>
        </datafield>
        <datafield tag="082" ind1="0" ind2="4">
            <subfield code="a">821.912</subfield>
            <subfield code="2">23</subfield>
        </datafield>
        <datafield tag="100" ind1="1" ind2=" ">
            <subfield code="a">Christie, Agatha,</subfield>
            <subfield code="d">1890-1976,</subfield>
            <subfield code="e">author.</subfield>
        </datafield>
        <datafield tag="240" ind1="1" ind2="0">
            <subfield code="a">Murder on The Orient Express.</subfield>
            <subfield code="l">Manx</subfield>
        </datafield>
        <datafield tag="245" ind1="1" ind2="0">
            <subfield code="a">Dunverys er traen tappee yn Niar /</subfield>
            <subfield code="c">liorish Agatha Christie ; er na chur ayns Gaelg liorish Joan Caine.</subfield>
        </datafield>
        <datafield tag="264" ind1=" " ind2="1">
            <subfield code="a">St John's, Isle of Man :</subfield>
            <subfield code="b">Caarjyn ny Gaelgey,</subfield>
            <subfield code="c">2014.</subfield>
        </datafield>
        <datafield tag="300" ind1=" " ind2=" ">
            <subfield code="a">240 pages ;</subfield>
            <subfield code="c">21 cm</subfield>
        </datafield>
        <datafield tag="336" ind1=" " ind2=" ">
            <subfield code="a">text</subfield>
            <subfield code="2">rdacontent</subfield>
        </datafield>
        <datafield tag="337" ind1=" " ind2=" ">
            <subfield code="a">unmediated</subfield>
            <subfield code="2">rdamedia</subfield>
        </datafield>
        <datafield tag="338" ind1=" " ind2=" ">
            <subfield code="a">volume</subfield>
            <subfield code="2">rdacarrier</subfield>
        </datafield>
        <datafield tag="500" ind1=" " ind2=" ">
            <subfield code="a">Translated from the English.</subfield>
        </datafield>
        <datafield tag="700" ind1="1" ind2=" ">
            <subfield code="a">Caine, Joan,</subfield>
            <subfield code="e">translator.</subfield>
        </datafield>
        <datafield tag="852" ind1="4" ind2="1">
            <subfield code="a">British Library</subfield>
            <subfield code="b">HMNTS</subfield>
            <subfield code="j">YD.2016.a.353</subfield>
        </datafield>
    </record>