
    <record>
        <leader>02030nam a2200325 i 4500</leader>
        <controlfield tag="001">017020984</controlfield>
        <controlfield tag="003">Uk</controlfield>
        <controlfield tag="005">20150625105315.0</controlfield>
        <controlfield tag="008">140707t20142014be abceg bc   000 0 fre d</controlfield>
        <datafield tag="020" ind1=" " ind2=" ">
            <subfield code="a">9461611420 :</subfield>
            <subfield code="c">(pbk.)</subfield>
        </datafield>
        <datafield tag="020" ind1=" " ind2=" ">
            <subfield code="a">9789461611420 :</subfield>
            <subfield code="c">(pbk.)</subfield>
        </datafield>
        <datafield tag="035" ind1=" " ind2=" ">
            <subfield code="a">(OCoLC)882906299</subfield>
        </datafield>
        <datafield tag="040" ind1=" " ind2=" ">
            <subfield code="a">AUXAM</subfield>
            <subfield code="b">eng</subfield>
            <subfield code="c">AUXAM</subfield>
            <subfield code="d">OCLCQ</subfield>
            <subfield code="d">MZA</subfield>
            <subfield code="d">OCLCO</subfield>
            <subfield code="d">JPG</subfield>
            <subfield code="d">CGU</subfield>
            <subfield code="d">OCLCQ</subfield>
            <subfield code="d">NDD</subfield>
            <subfield code="d">Uk</subfield>
            <subfield code="e">rda</subfield>
        </datafield>
        <datafield tag="042" ind1=" " ind2=" ">
            <subfield code="a">ukblderived</subfield>
        </datafield>
        <datafield tag="043" ind1=" " ind2=" ">
            <subfield code="a">e------</subfield>
        </datafield>
        <datafield tag="050" ind1=" " ind2="4">
            <subfield code="a">TF55</subfield>
            <subfield code="b">.I548 2014</subfield>
        </datafield>
        <datafield tag="245" ind1="0" ind2="0">
            <subfield code="a">Il était une fois l'Orient-Express /</subfield>
            <subfield code="c">catalogue direction, Aurélie Clemente-Ruiz.</subfield>
        </datafield>
        <datafield tag="264" ind1=" " ind2="1">
            <subfield code="a">Gand :</subfield>
            <subfield code="b">Snoeck,</subfield>
            <subfield code="c">[2014]</subfield>
        </datafield>
        <datafield tag="264" ind1=" " ind2="4">
            <subfield code="c">©2014</subfield>
        </datafield>
        <datafield tag="300" ind1=" " ind2=" ">
            <subfield code="a">104 pages :</subfield>
            <subfield code="b">illustrations (chiefly color), maps, portraits, plans ;</subfield>
            <subfield code="c">26 cm</subfield>
        </datafield>
        <datafield tag="336" ind1=" " ind2=" ">
            <subfield code="a">text</subfield>
            <subfield code="b">txt</subfield>
            <subfield code="2">rdacontent</subfield>
        </datafield>
        <datafield tag="337" ind1=" " ind2=" ">
            <subfield code="a">unmediated</subfield>
            <subfield code="b">n</subfield>
            <subfield code="2">rdamedia</subfield>
        </datafield>
        <datafield tag="338" ind1=" " ind2=" ">
            <subfield code="a">volume</subfield>
            <subfield code="b">nc</subfield>
            <subfield code="2">rdacarrier</subfield>
        </datafield>
        <datafield tag="504" ind1=" " ind2=" ">
            <subfield code="a">Includes bibliographical references.</subfield>
        </datafield>
        <datafield tag="520" ind1=" " ind2=" ">
            <subfield code="a">&quot;L'histoire de l'Orient Express, &quot;roi des trains, train des rois&quot;, se raconte comme une légende. De 1883 à 1977, elle traverse le bouleversement des continents entre Europe, Asie et Afrique, dans ce &quot;centre du monde&quot; qu'est Istanbul. Elle accompagne l'écroulement des empires austro-hongrois et ottoman, elle contribue à l'affirmation des nationalismes arabes, elle donne à voir in situ ce que les écrivains, les peintres ou les cinéastes ont donné à imaginer. Si l'évocation des années Orient Express comporte toujours une part de nostalgie, elle permet aussi de mieux comprendre ce qu'a pu représenter le passage d'une vision purement fantasmée de l'Orient à une vision plus réaliste. Car l'Orient Express n'est pas seulement un lien mécanique rapide entre plusieurs civilisations, c'est aussi un révélateur des métissa.es culturels.&quot;--Page 4 of cover.</subfield>
        </datafield>
        <datafield tag="650" ind1=" " ind2="0">
            <subfield code="a">Orient Express (Express train)</subfield>
            <subfield code="v">Exhibitions.</subfield>
        </datafield>
        <datafield tag="650" ind1=" " ind2="0">
            <subfield code="a">Railroad travel</subfield>
            <subfield code="z">Europe</subfield>
            <subfield code="x">History</subfield>
            <subfield code="v">Exhibitions.</subfield>
        </datafield>
        <datafield tag="700" ind1="1" ind2=" ">
            <subfield code="a">Clemente-Ruiz, Aurélie.</subfield>
        </datafield>
        <datafield tag="710" ind1="2" ind2=" ">
            <subfield code="a">Institut du monde arabe (France)</subfield>
        </datafield>
        <datafield tag="852" ind1="4" ind2="1">
            <subfield code="a">British Library</subfield>
            <subfield code="b">HMNTS</subfield>
            <subfield code="j">YF.2015.b.1140</subfield>
        </datafield>
    </record>