
    <record>
        <leader>01248pam a22003611i 4500</leader>
        <controlfield tag="001">016816060</controlfield>
        <controlfield tag="003">Uk</controlfield>
        <controlfield tag="005">20181105083405.0</controlfield>
        <controlfield tag="006">m    ||  d |      </controlfield>
        <controlfield tag="007">cr |||||||||||</controlfield>
        <controlfield tag="008">140730s2014    enka    o|    000 0 eng|d</controlfield>
        <datafield tag="015" ind1=" " ind2=" ">
            <subfield code="a">GBB482303</subfield>
            <subfield code="2">bnb</subfield>
        </datafield>
        <datafield tag="020" ind1=" " ind2=" ">
            <subfield code="a">9780750958752 (ePub ebook) :</subfield>
            <subfield code="c">£7.99</subfield>
        </datafield>
        <datafield tag="020" ind1=" " ind2=" ">
            <subfield code="z">9780750952903 (hbk.) :</subfield>
            <subfield code="c">£9.99</subfield>
        </datafield>
        <datafield tag="037" ind1=" " ind2=" ">
            <subfield code="a">9780750958752</subfield>
            <subfield code="b">Ingram Content Group</subfield>
        </datafield>
        <datafield tag="040" ind1=" " ind2=" ">
            <subfield code="a">StDuBDS</subfield>
            <subfield code="b">eng</subfield>
            <subfield code="c">StDuBDS</subfield>
            <subfield code="d">Uk</subfield>
            <subfield code="e">rda</subfield>
            <subfield code="e">pn</subfield>
        </datafield>
        <datafield tag="042" ind1=" " ind2=" ">
            <subfield code="a">ukblsr</subfield>
        </datafield>
        <datafield tag="082" ind1="0" ind2="4">
            <subfield code="a">385.22094</subfield>
            <subfield code="2">23</subfield>
        </datafield>
        <datafield tag="100" ind1="1" ind2=" ">
            <subfield code="a">Christopher, John,</subfield>
            <subfield code="d">1956-</subfield>
            <subfield code="e">author.</subfield>
        </datafield>
        <datafield tag="245" ind1="1" ind2="4">
            <subfield code="a">The Orient Express story /</subfield>
            <subfield code="c">John Christopher.</subfield>
        </datafield>
        <datafield tag="264" ind1=" " ind2="1">
            <subfield code="a">Stroud :</subfield>
            <subfield code="b">The History Press,</subfield>
            <subfield code="c">2014.</subfield>
        </datafield>
        <datafield tag="300" ind1=" " ind2=" ">
            <subfield code="a">1 online resource :</subfield>
            <subfield code="b">illustrations (colour).</subfield>
        </datafield>
        <datafield tag="336" ind1=" " ind2=" ">
            <subfield code="a">still image</subfield>
            <subfield code="2">rdacontent</subfield>
        </datafield>
        <datafield tag="336" ind1=" " ind2=" ">
            <subfield code="a">text</subfield>
            <subfield code="2">rdacontent</subfield>
        </datafield>
        <datafield tag="337" ind1=" " ind2=" ">
            <subfield code="a">computer</subfield>
            <subfield code="2">rdamedia</subfield>
        </datafield>
        <datafield tag="338" ind1=" " ind2=" ">
            <subfield code="a">online resource</subfield>
            <subfield code="2">rdacarrier</subfield>
        </datafield>
        <datafield tag="588" ind1=" " ind2=" ">
            <subfield code="a">Description based on CIP data; item not viewed.</subfield>
        </datafield>
        <datafield tag="650" ind1=" " ind2="0">
            <subfield code="a">Express trains</subfield>
            <subfield code="z">Europe</subfield>
            <subfield code="x">History.</subfield>
        </datafield>
        <datafield tag="650" ind1=" " ind2="0">
            <subfield code="a">Orient Express (Express train)</subfield>
            <subfield code="x">History.</subfield>
        </datafield>
        <datafield tag="776" ind1="0" ind2="8">
            <subfield code="i">Print version:</subfield>
            <subfield code="z">9780750952903</subfield>
        </datafield>
        <datafield tag="852" ind1=" " ind2=" ">
            <subfield code="a">British Library</subfield>
            <subfield code="b">HMNTS</subfield>
            <subfield code="c">DRT</subfield>
            <subfield code="j">ELD.DS.108783</subfield>
            <subfield code="q">Imperfect: ebook display problem (cover only).</subfield>
        </datafield>
        <datafield tag="859" ind1=" " ind2=" ">
            <subfield code="a">ELD</subfield>
            <subfield code="b">ebook</subfield>
        </datafield>
        <datafield tag="903" ind1=" " ind2=" ">
            <subfield code="a">ELD.DS.108783</subfield>
        </datafield>
    </record>