
    <record>
        <leader>01054nam a2200277 a 4500</leader>
        <controlfield tag="001">015457501</controlfield>
        <controlfield tag="003">Uk</controlfield>
        <controlfield tag="005">20131112111447.0</controlfield>
        <controlfield tag="008">091203s2008    rm a     b    000 0 rum  </controlfield>
        <datafield tag="020" ind1=" " ind2=" ">
            <subfield code="a">9789731805177 (paperback)</subfield>
        </datafield>
        <datafield tag="035" ind1=" " ind2=" ">
            <subfield code="a">(ROBuDRX)rm12667</subfield>
        </datafield>
        <datafield tag="040" ind1=" " ind2=" ">
            <subfield code="a">RO-BuDRX</subfield>
            <subfield code="b">rum</subfield>
            <subfield code="c">RO-BuDRX</subfield>
            <subfield code="d">Uk</subfield>
        </datafield>
        <datafield tag="042" ind1=" " ind2=" ">
            <subfield code="a">ukblsr</subfield>
        </datafield>
        <datafield tag="100" ind1="1" ind2=" ">
            <subfield code="a">Țuțui, Marian,</subfield>
            <subfield code="e">author.</subfield>
        </datafield>
        <datafield tag="245" ind1="1" ind2="0">
            <subfield code="a">Orient express :</subfield>
            <subfield code="b">filmul românesc şi filmul balcanic sau cinemacograful balcanic /</subfield>
            <subfield code="c">Marian Ţuţui.</subfield>
        </datafield>
        <datafield tag="260" ind1=" " ind2=" ">
            <subfield code="a">Bucureşti :</subfield>
            <subfield code="b">Noi Media Print,</subfield>
            <subfield code="c">2008.</subfield>
        </datafield>
        <datafield tag="300" ind1=" " ind2=" ">
            <subfield code="a">323 p. :</subfield>
            <subfield code="b">ill. (some col.) ;</subfield>
            <subfield code="c">24 cm.</subfield>
        </datafield>
        <datafield tag="336" ind1=" " ind2=" ">
            <subfield code="a">text</subfield>
            <subfield code="2">rdacontent</subfield>
        </datafield>
        <datafield tag="337" ind1=" " ind2=" ">
            <subfield code="a">unmediated</subfield>
            <subfield code="2">rdamedia</subfield>
        </datafield>
        <datafield tag="338" ind1=" " ind2=" ">
            <subfield code="a">volume</subfield>
            <subfield code="2">rdacarrier</subfield>
        </datafield>
        <datafield tag="500" ind1=" " ind2=" ">
            <subfield code="a">At title: &quot;Cartea a apărut cu sprijinul Administrației Fondului Cultural Național.&quot;</subfield>
        </datafield>
        <datafield tag="504" ind1=" " ind2=" ">
            <subfield code="a">Includes bibliographical references (p. 321-323).</subfield>
        </datafield>
        <datafield tag="650" ind1=" " ind2="0">
            <subfield code="a">Motion pictures</subfield>
            <subfield code="z">Balkan Peninsula</subfield>
            <subfield code="x">History.</subfield>
        </datafield>
        <datafield tag="650" ind1=" " ind2="0">
            <subfield code="a">Motion pictures</subfield>
            <subfield code="z">Romania</subfield>
            <subfield code="x">History.</subfield>
        </datafield>
        <datafield tag="651" ind1=" " ind2="0">
            <subfield code="a">Balkan Peninsula</subfield>
            <subfield code="x">In motion pictures.</subfield>
        </datafield>
        <datafield tag="852" ind1="4" ind2="1">
            <subfield code="a">British Library</subfield>
            <subfield code="b">HMNTS</subfield>
            <subfield code="j">YF.2013.a.22936</subfield>
        </datafield>
    </record>