
    <record>
        <leader>01063ncm a2200301 i 4500</leader>
        <controlfield tag="001">015369743</controlfield>
        <controlfield tag="003">Uk</controlfield>
        <controlfield tag="005">20130830120850.0</controlfield>
        <controlfield tag="008">090914s2008    enkzzle||||||||n |||zxx| </controlfield>
        <datafield tag="016" ind1=" " ind2=" ">
            <subfield code="a">015369743</subfield>
        </datafield>
        <datafield tag="024" ind1="2" ind2=" ">
            <subfield code="a">M570167753</subfield>
        </datafield>
        <datafield tag="028" ind1="2" ind2="2">
            <subfield code="a">PP643</subfield>
            <subfield code="b">Phylloscopus Publications</subfield>
        </datafield>
        <datafield tag="040" ind1=" " ind2=" ">
            <subfield code="a">Uk</subfield>
            <subfield code="b">eng</subfield>
            <subfield code="c">Uk</subfield>
            <subfield code="e">rda</subfield>
        </datafield>
        <datafield tag="042" ind1=" " ind2=" ">
            <subfield code="a">ukblsr</subfield>
        </datafield>
        <datafield tag="082" ind1="0" ind2="4">
            <subfield code="a">788.52</subfield>
            <subfield code="2">23</subfield>
        </datafield>
        <datafield tag="100" ind1="1" ind2=" ">
            <subfield code="a">Vançin, Ayser,</subfield>
            <subfield code="d">1948-</subfield>
            <subfield code="e">composer.</subfield>
        </datafield>
        <datafield tag="245" ind1="1" ind2="0">
            <subfield code="a">Orient express - route 1 :</subfield>
            <subfield code="b">five pieces for oboe and piano (alternatives for flute, violin or clarinet in B♭) and two pieces for two instruments and piano /</subfield>
            <subfield code="c">by Ayser Vançin.</subfield>
        </datafield>
        <datafield tag="264" ind1=" " ind2="1">
            <subfield code="a">Lancaster :</subfield>
            <subfield code="b">Phylloscopus Publications,</subfield>
            <subfield code="c">[2008]</subfield>
        </datafield>
        <datafield tag="264" ind1=" " ind2="4">
            <subfield code="c">©2008</subfield>
        </datafield>
        <datafield tag="300" ind1=" " ind2=" ">
            <subfield code="a">1 score (14 pages) + 2 parts ;</subfield>
            <subfield code="c">30 cm</subfield>
        </datafield>
        <datafield tag="336" ind1=" " ind2=" ">
            <subfield code="a">notated music</subfield>
            <subfield code="2">rdacontent</subfield>
        </datafield>
        <datafield tag="337" ind1=" " ind2=" ">
            <subfield code="a">unmediated</subfield>
            <subfield code="2">rdamedia</subfield>
        </datafield>
        <datafield tag="338" ind1=" " ind2=" ">
            <subfield code="a">volume</subfield>
            <subfield code="2">rdacarrier</subfield>
        </datafield>
        <datafield tag="500" ind1=" " ind2=" ">
            <subfield code="a">Cover title.</subfield>
        </datafield>
        <datafield tag="500" ind1=" " ind2=" ">
            <subfield code="a">Includes biographical note on the composer.</subfield>
        </datafield>
        <datafield tag="546" ind1=" " ind2=" ">
            <subfield code="b">Staff notation.</subfield>
        </datafield>
        <datafield tag="650" ind1=" " ind2="0">
            <subfield code="a">Oboe and piano music</subfield>
            <subfield code="v">Scores and parts.</subfield>
        </datafield>
        <datafield tag="852" ind1="4" ind2="1">
            <subfield code="a">British Library</subfield>
            <subfield code="b">MUSIC</subfield>
            <subfield code="j">g.1626.e.(10.)</subfield>
        </datafield>
    </record>