
    <record>
        <leader>00758nam a22002292a 4500</leader>
        <controlfield tag="001">015264541</controlfield>
        <controlfield tag="003">Uk</controlfield>
        <controlfield tag="005">20221108123256.0</controlfield>
        <controlfield tag="008">090207s2009    enk           000 0 eng d</controlfield>
        <datafield tag="020" ind1=" " ind2=" ">
            <subfield code="a">1424011353 (pbk.) :</subfield>
            <subfield code="c">£3.30</subfield>
        </datafield>
        <datafield tag="020" ind1=" " ind2=" ">
            <subfield code="a">9781424011353 (pbk.) :</subfield>
            <subfield code="c">£3.30</subfield>
        </datafield>
        <datafield tag="040" ind1=" " ind2=" ">
            <subfield code="a">UK-WkNB</subfield>
            <subfield code="b">eng</subfield>
            <subfield code="c">UK-WkNB</subfield>
        </datafield>
        <datafield tag="100" ind1="1" ind2=" ">
            <subfield code="a">Waring, Rob.</subfield>
        </datafield>
        <datafield tag="245" ind1="1" ind2="0">
            <subfield code="a">Orient express.</subfield>
            <subfield code="n">C1,</subfield>
            <subfield code="p">Advanced : 3000 headwords /</subfield>
            <subfield code="c">Rob Waring, National Geographic.</subfield>
        </datafield>
        <datafield tag="260" ind1=" " ind2=" ">
            <subfield code="a">London :</subfield>
            <subfield code="b">Heinle Cengage Learning,</subfield>
            <subfield code="c">c2010.</subfield>
        </datafield>
        <datafield tag="336" ind1=" " ind2=" ">
            <subfield code="a">text</subfield>
            <subfield code="2">rdacontent</subfield>
        </datafield>
        <datafield tag="337" ind1=" " ind2=" ">
            <subfield code="a">unmediated</subfield>
            <subfield code="2">rdamedia</subfield>
        </datafield>
        <datafield tag="338" ind1=" " ind2=" ">
            <subfield code="a">volume</subfield>
            <subfield code="2">rdacarrier</subfield>
        </datafield>
        <datafield tag="366" ind1=" " ind2=" ">
            <subfield code="b">20090410</subfield>
            <subfield code="c">IP</subfield>
            <subfield code="j">GB</subfield>
            <subfield code="k">xxk</subfield>
            <subfield code="m">Cengage Learning</subfield>
            <subfield code="2">UK-WkNB</subfield>
        </datafield>
        <datafield tag="490" ind1="0" ind2=" ">
            <subfield code="a">Footprint reading library</subfield>
        </datafield>
        <datafield tag="500" ind1=" " ind2=" ">
            <subfield code="a">Paperback.</subfield>
        </datafield>
        <datafield tag="852" ind1="4" ind2="1">
            <subfield code="a">British Library</subfield>
            <subfield code="b">HMNTS</subfield>
            <subfield code="j">YKL.2022.a.30944</subfield>
        </datafield>
    </record>