
    <record>
        <leader>00788nam a22002412a 4500</leader>
        <controlfield tag="001">015114280</controlfield>
        <controlfield tag="003">Uk</controlfield>
        <controlfield tag="005">20221205092352.0</controlfield>
        <controlfield tag="008">081024s2009    enk           000 0 eng d</controlfield>
        <datafield tag="020" ind1=" " ind2=" ">
            <subfield code="a">1405892145 (pbk.) :</subfield>
            <subfield code="c">£5.60</subfield>
        </datafield>
        <datafield tag="020" ind1=" " ind2=" ">
            <subfield code="a">9781405892148 (pbk.) :</subfield>
            <subfield code="c">£5.60</subfield>
        </datafield>
        <datafield tag="040" ind1=" " ind2=" ">
            <subfield code="a">UK-WkNB</subfield>
            <subfield code="b">eng</subfield>
            <subfield code="c">UK-WkNB</subfield>
        </datafield>
        <datafield tag="100" ind1="1" ind2=" ">
            <subfield code="a">Christie, Agatha,</subfield>
            <subfield code="d">1890-1976.</subfield>
        </datafield>
        <datafield tag="245" ind1="1" ind2="0">
            <subfield code="a">Murder on the Orient Express /</subfield>
            <subfield code="c">Agatha Christie.</subfield>
        </datafield>
        <datafield tag="260" ind1=" " ind2=" ">
            <subfield code="a">Harlow :</subfield>
            <subfield code="b">Pearson Education,</subfield>
            <subfield code="c">2009.</subfield>
        </datafield>
        <datafield tag="300" ind1=" " ind2=" ">
            <subfield code="a">vii, 77 p. ;</subfield>
            <subfield code="c">20x13 cm.</subfield>
        </datafield>
        <datafield tag="336" ind1=" " ind2=" ">
            <subfield code="a">text</subfield>
            <subfield code="2">rdacontent</subfield>
        </datafield>
        <datafield tag="337" ind1=" " ind2=" ">
            <subfield code="a">unmediated</subfield>
            <subfield code="2">rdamedia</subfield>
        </datafield>
        <datafield tag="338" ind1=" " ind2=" ">
            <subfield code="a">volume</subfield>
            <subfield code="2">rdacarrier</subfield>
        </datafield>
        <datafield tag="366" ind1=" " ind2=" ">
            <subfield code="b">20090226</subfield>
            <subfield code="c">IP</subfield>
            <subfield code="f">APEAR40</subfield>
            <subfield code="j">GB</subfield>
            <subfield code="k">xxk</subfield>
            <subfield code="m">Pearson Education Ltd</subfield>
            <subfield code="2">UK-WkNB</subfield>
        </datafield>
        <datafield tag="490" ind1="0" ind2=" ">
            <subfield code="a">Penguin readers ;</subfield>
            <subfield code="v">level 4</subfield>
        </datafield>
        <datafield tag="500" ind1=" " ind2=" ">
            <subfield code="a">Paperback.</subfield>
        </datafield>
        <datafield tag="852" ind1="4" ind2="1">
            <subfield code="a">British Library</subfield>
            <subfield code="b">HMNTS</subfield>
            <subfield code="j">YKL.2022.a.35772</subfield>
        </datafield>
    </record>