
    <record>
        <leader>01013nas a2200325 a 4500</leader>
        <controlfield tag="001">015105017</controlfield>
        <controlfield tag="003">Uk</controlfield>
        <controlfield tag="005">20230210010802.0</controlfield>
        <controlfield tag="007">ta</controlfield>
        <controlfield tag="008">090331d20082013enkqr p       0   a0eng  </controlfield>
        <datafield tag="015" ind1=" " ind2=" ">
            <subfield code="a">GBA934876</subfield>
            <subfield code="2">bnb</subfield>
        </datafield>
        <datafield tag="022" ind1="0" ind2=" ">
            <subfield code="a">2040-5332</subfield>
            <subfield code="2">02</subfield>
        </datafield>
        <datafield tag="040" ind1=" " ind2=" ">
            <subfield code="a">Uk</subfield>
            <subfield code="b">eng</subfield>
            <subfield code="c">Uk</subfield>
        </datafield>
        <datafield tag="042" ind1=" " ind2=" ">
            <subfield code="a">ukblsr</subfield>
            <subfield code="a">issnuk</subfield>
        </datafield>
        <datafield tag="082" ind1="0" ind2="4">
            <subfield code="a">950.05</subfield>
            <subfield code="2">22</subfield>
        </datafield>
        <datafield tag="222" ind1=" " ind2="0">
            <subfield code="a">Sphere Asia</subfield>
        </datafield>
        <datafield tag="245" ind1="0" ind2="0">
            <subfield code="a">Sphere Asia.</subfield>
        </datafield>
        <datafield tag="260" ind1=" " ind2=" ">
            <subfield code="a">London :</subfield>
            <subfield code="b">Illustrated London News,</subfield>
            <subfield code="c">2008-2013</subfield>
        </datafield>
        <datafield tag="300" ind1=" " ind2=" ">
            <subfield code="a">v. :</subfield>
            <subfield code="b">ill. (some col.), ports. (some col.) ;</subfield>
            <subfield code="c">30 cm.</subfield>
        </datafield>
        <datafield tag="310" ind1=" " ind2=" ">
            <subfield code="a">Quarterly</subfield>
        </datafield>
        <datafield tag="336" ind1=" " ind2=" ">
            <subfield code="a">text</subfield>
            <subfield code="2">rdacontent</subfield>
        </datafield>
        <datafield tag="337" ind1=" " ind2=" ">
            <subfield code="a">unmediated</subfield>
            <subfield code="2">rdamedia</subfield>
        </datafield>
        <datafield tag="338" ind1=" " ind2=" ">
            <subfield code="a">volume</subfield>
            <subfield code="2">rdacarrier</subfield>
        </datafield>
        <datafield tag="362" ind1="0" ind2=" ">
            <subfield code="a">Vol. 1, no. 1-</subfield>
        </datafield>
        <datafield tag="540" ind1=" " ind2=" ">
            <subfield code="a">Current Copyright Fee: GBP25.00</subfield>
            <subfield code="c">0</subfield>
            <subfield code="5">Uk</subfield>
        </datafield>
        <datafield tag="550" ind1=" " ind2=" ">
            <subfield code="a">Published for Orient Express Hotels, Trains &amp; Cruises.</subfield>
        </datafield>
        <datafield tag="651" ind1=" " ind2="0">
            <subfield code="a">East Asia</subfield>
            <subfield code="v">Periodicals.</subfield>
        </datafield>
        <datafield tag="780" ind1="0" ind2="0">
            <subfield code="t">Orient-Express Eastern &amp; Oriental magazine</subfield>
            <subfield code="x">2040-5324</subfield>
        </datafield>
        <datafield tag="852" ind1="4" ind2="1">
            <subfield code="a">British Library</subfield>
            <subfield code="b">HMNTS</subfield>
            <subfield code="j">ZK.9.b.26945</subfield>
        </datafield>
        <datafield tag="866" ind1=" " ind2="0">
            <subfield code="a">Vol. 1, no. 1 (2008)- v. 6, no. 4 (2013)</subfield>
            <subfield code="x">20090408</subfield>
        </datafield>
    </record>