
    <record>
        <leader>00505nam a22001813  4500</leader>
        <controlfield tag="001">014410594</controlfield>
        <controlfield tag="003">Uk</controlfield>
        <controlfield tag="005">20071122145506.0</controlfield>
        <controlfield tag="008">070306s1974    gw ||||       ||| ||ger  </controlfield>
        <datafield tag="020" ind1=" " ind2=" ">
            <subfield code="a">3870940212</subfield>
        </datafield>
        <datafield tag="040" ind1=" " ind2=" ">
            <subfield code="a">Uk</subfield>
            <subfield code="b">eng</subfield>
            <subfield code="c">Uk</subfield>
        </datafield>
        <datafield tag="100" ind1="1" ind2=" ">
            <subfield code="a">Sölch, Werner.</subfield>
        </datafield>
        <datafield tag="245" ind1="1" ind2="0">
            <subfield code="a">Orient Express :</subfield>
            <subfield code="b">Glanzzeit und niedergang eines Luxuszuges.</subfield>
        </datafield>
        <datafield tag="260" ind1=" " ind2=" ">
            <subfield code="a">Düsseldorf :</subfield>
            <subfield code="b">Alba,</subfield>
            <subfield code="c">1974.</subfield>
        </datafield>
        <datafield tag="336" ind1=" " ind2=" ">
            <subfield code="a">text</subfield>
            <subfield code="2">rdacontent</subfield>
        </datafield>
        <datafield tag="337" ind1=" " ind2=" ">
            <subfield code="a">unmediated</subfield>
            <subfield code="2">rdamedia</subfield>
        </datafield>
        <datafield tag="338" ind1=" " ind2=" ">
            <subfield code="a">volume</subfield>
            <subfield code="2">rdacarrier</subfield>
        </datafield>
        <datafield tag="852" ind1="4" ind2=" ">
            <subfield code="a">British Library</subfield>
            <subfield code="b">DSC</subfield>
            <subfield code="j">F2/0834</subfield>
        </datafield>
    </record>