
    <record>
        <leader>00533nam a22001813  4500</leader>
        <controlfield tag="001">014176727</controlfield>
        <controlfield tag="003">Uk</controlfield>
        <controlfield tag="005">20071022164431.0</controlfield>
        <controlfield tag="008">061009s1968    enk||||       ||| ||eng  </controlfield>
        <datafield tag="040" ind1=" " ind2=" ">
            <subfield code="a">Uk</subfield>
            <subfield code="b">eng</subfield>
            <subfield code="c">Uk</subfield>
        </datafield>
        <datafield tag="100" ind1="1" ind2=" ">
            <subfield code="a">Hogg, Garry.</subfield>
        </datafield>
        <datafield tag="245" ind1="1" ind2="0">
            <subfield code="a">Orient Express :</subfield>
            <subfield code="b">the birth, life and death of a great train /</subfield>
            <subfield code="c">[by] Garry Hogg.</subfield>
        </datafield>
        <datafield tag="260" ind1=" " ind2=" ">
            <subfield code="a">London :</subfield>
            <subfield code="b">Hutchinson,</subfield>
            <subfield code="c">1968.</subfield>
        </datafield>
        <datafield tag="336" ind1=" " ind2=" ">
            <subfield code="a">text</subfield>
            <subfield code="2">rdacontent</subfield>
        </datafield>
        <datafield tag="337" ind1=" " ind2=" ">
            <subfield code="a">unmediated</subfield>
            <subfield code="2">rdamedia</subfield>
        </datafield>
        <datafield tag="338" ind1=" " ind2=" ">
            <subfield code="a">volume</subfield>
            <subfield code="2">rdacarrier</subfield>
        </datafield>
        <datafield tag="490" ind1="0" ind2=" ">
            <subfield code="a">Men in action series</subfield>
        </datafield>
        <datafield tag="852" ind1="4" ind2=" ">
            <subfield code="a">British Library</subfield>
            <subfield code="b">DSC</subfield>
            <subfield code="j">X29/4369</subfield>
        </datafield>
    </record>