
    <record>
        <leader>00685nam a22002057a 4500</leader>
        <controlfield tag="001">012985003</controlfield>
        <controlfield tag="003">Uk</controlfield>
        <controlfield tag="005">20050218150838.0</controlfield>
        <controlfield tag="008">040907s1979    sp abc        000 0 eng  </controlfield>
        <datafield tag="020" ind1=" " ind2=" ">
            <subfield code="a">8474240840</subfield>
        </datafield>
        <datafield tag="040" ind1=" " ind2=" ">
            <subfield code="a">Uk</subfield>
            <subfield code="b">eng</subfield>
            <subfield code="c">Uk</subfield>
        </datafield>
        <datafield tag="100" ind1="1" ind2=" ">
            <subfield code="a">Wiesenthal, M.</subfield>
            <subfield code="q">(Mauricio)</subfield>
        </datafield>
        <datafield tag="245" ind1="1" ind2="4">
            <subfield code="a">The belle époque of the Orient-Express /</subfield>
            <subfield code="c">text: M. Wiesenthal ; iconography: G. L'olivier.</subfield>
        </datafield>
        <datafield tag="260" ind1=" " ind2=" ">
            <subfield code="a">Barcelona :</subfield>
            <subfield code="b">Geocolor, S.A.,</subfield>
            <subfield code="c">1979.</subfield>
        </datafield>
        <datafield tag="300" ind1=" " ind2=" ">
            <subfield code="a">96 p. :</subfield>
            <subfield code="b">ill. (chiefly col.), col. maps, ports. ;</subfield>
            <subfield code="c">25 cm.</subfield>
        </datafield>
        <datafield tag="336" ind1=" " ind2=" ">
            <subfield code="a">text</subfield>
            <subfield code="2">rdacontent</subfield>
        </datafield>
        <datafield tag="337" ind1=" " ind2=" ">
            <subfield code="a">unmediated</subfield>
            <subfield code="2">rdamedia</subfield>
        </datafield>
        <datafield tag="338" ind1=" " ind2=" ">
            <subfield code="a">volume</subfield>
            <subfield code="2">rdacarrier</subfield>
        </datafield>
        <datafield tag="650" ind1=" " ind2="0">
            <subfield code="a">Orient Express (Express train)</subfield>
        </datafield>
        <datafield tag="852" ind1="4" ind2="1">
            <subfield code="a">British Library</subfield>
            <subfield code="b">HMNTS</subfield>
            <subfield code="j">YD.2005.a.3345</subfield>
        </datafield>
    </record>