
    <record>
        <leader>01023 am a2200313ua 4500</leader>
        <controlfield tag="001">012668819</controlfield>
        <controlfield tag="005">20190130200700.0</controlfield>
        <controlfield tag="008">890809s1989    uika   ||     000 ||eng  </controlfield>
        <datafield tag="015" ind1=" " ind2=" ">
            <subfield code="a">GB8868442</subfield>
            <subfield code="2">bnb</subfield>
        </datafield>
        <datafield tag="019" ind1="1" ind2=" ">
            <subfield code="a">0901845140</subfield>
        </datafield>
        <datafield tag="019" ind1="9" ind2=" ">
            <subfield code="a">0901845140</subfield>
        </datafield>
        <datafield tag="019" ind1="y" ind2=" ">
            <subfield code="a">b8868442</subfield>
        </datafield>
        <datafield tag="020" ind1=" " ind2=" ">
            <subfield code="a">0901845140 :</subfield>
            <subfield code="c">£9.95</subfield>
        </datafield>
        <datafield tag="039" ind1="0" ind2=" ">
            <subfield code="a">2051</subfield>
        </datafield>
        <datafield tag="040" ind1=" " ind2=" ">
            <subfield code="a">Uk</subfield>
            <subfield code="c">Uk</subfield>
        </datafield>
        <datafield tag="050" ind1="0" ind2="0">
            <subfield code="a">G175</subfield>
        </datafield>
        <datafield tag="082" ind1="0" ind2="4">
            <subfield code="a">910.4</subfield>
            <subfield code="2">19</subfield>
        </datafield>
        <datafield tag="100" ind1="1" ind2="0">
            <subfield code="a">Buchanan, Gary,</subfield>
            <subfield code="d">1954-</subfield>
        </datafield>
        <datafield tag="245" ind1="1" ind2="0">
            <subfield code="a">Dream voyages :</subfield>
            <subfield code="b">the fastest, the ultimate, the legendary : Concorde, Queen Elizabeth 2, Venice Simplon-Orient-Express /</subfield>
            <subfield code="c">by Gary C. Buchanan.</subfield>
        </datafield>
        <datafield tag="260" ind1=" " ind2=" ">
            <subfield code="a">St. Martin :</subfield>
            <subfield code="b">Jersey Artists,</subfield>
            <subfield code="c">c1989.</subfield>
        </datafield>
        <datafield tag="300" ind1=" " ind2=" ">
            <subfield code="a">96p. :</subfield>
            <subfield code="b">ill(some col.) ;</subfield>
            <subfield code="c">28cm.</subfield>
        </datafield>
        <datafield tag="336" ind1=" " ind2=" ">
            <subfield code="a">text</subfield>
            <subfield code="2">rdacontent</subfield>
        </datafield>
        <datafield tag="337" ind1=" " ind2=" ">
            <subfield code="a">unmediated</subfield>
            <subfield code="2">rdamedia</subfield>
        </datafield>
        <datafield tag="338" ind1=" " ind2=" ">
            <subfield code="a">volume</subfield>
            <subfield code="2">rdacarrier</subfield>
        </datafield>
        <datafield tag="650" ind1=" " ind2="0">
            <subfield code="a">Voyages and travels</subfield>
            <subfield code="x">Juvenile literature.</subfield>
        </datafield>
        <datafield tag="653" ind1=" " ind2=" ">
            <subfield code="a">Journeys</subfield>
        </datafield>
        <datafield tag="852" ind1="4" ind2="1">
            <subfield code="a">British Library</subfield>
            <subfield code="b">HMNTS</subfield>
            <subfield code="j">YK.1990.b.2369</subfield>
        </datafield>
        <datafield tag="886" ind1="2" ind2=" ">
            <subfield code="2">ukmarc</subfield>
            <subfield code="a">900</subfield>
            <subfield code="b">10</subfield>
            <subfield code="a">Buchanan</subfield>
            <subfield code="h">Gary C.</subfield>
            <subfield code="x">See</subfield>
            <subfield code="a">Buchanan, Gary,</subfield>
            <subfield code="x">1954-</subfield>
            <subfield code="z">100</subfield>
        </datafield>
        <datafield tag="916" ind1=" " ind2=" ">
            <subfield code="a">900=NOTNAL</subfield>
        </datafield>
    </record>