
    <record>
        <leader>01342 as a2200445 a 4500</leader>
        <controlfield tag="001">012486398</controlfield>
        <controlfield tag="003">Uk</controlfield>
        <controlfield tag="005">20230210010122.0</controlfield>
        <controlfield tag="006">aac  |||||||||||||</controlfield>
        <controlfield tag="007">ta</controlfield>
        <controlfield tag="008">930913d1983200uenkqr p       0   a0eng  </controlfield>
        <datafield tag="015" ind1=" " ind2=" ">
            <subfield code="a">GB9347864</subfield>
            <subfield code="2">bnb</subfield>
        </datafield>
        <datafield tag="019" ind1="1" ind2=" ">
            <subfield code="a">b9347864</subfield>
        </datafield>
        <datafield tag="019" ind1="9" ind2=" ">
            <subfield code="a">b9347864</subfield>
        </datafield>
        <datafield tag="019" ind1="c" ind2=" ">
            <subfield code="a">2492792</subfield>
        </datafield>
        <datafield tag="019" ind1="y" ind2=" ">
            <subfield code="a">b9347864</subfield>
        </datafield>
        <datafield tag="022" ind1="0" ind2=" ">
            <subfield code="a">1350-9012</subfield>
            <subfield code="2">02</subfield>
        </datafield>
        <datafield tag="039" ind1="0" ind2=" ">
            <subfield code="a">2258</subfield>
        </datafield>
        <datafield tag="040" ind1=" " ind2=" ">
            <subfield code="a">Uk</subfield>
            <subfield code="c">Uk</subfield>
            <subfield code="d">Uk</subfield>
        </datafield>
        <datafield tag="042" ind1=" " ind2=" ">
            <subfield code="a">ukblsr</subfield>
            <subfield code="a">issnuk</subfield>
        </datafield>
        <datafield tag="082" ind1="0" ind2="4">
            <subfield code="a">052</subfield>
            <subfield code="2">22</subfield>
        </datafield>
        <datafield tag="210" ind1="0" ind2=" ">
            <subfield code="a">Orient-Express mag.</subfield>
        </datafield>
        <datafield tag="222" ind1=" " ind2="0">
            <subfield code="a">Orient-Express magazine</subfield>
        </datafield>
        <datafield tag="245" ind1="0" ind2="0">
            <subfield code="a">Orient-Express magazine.</subfield>
        </datafield>
        <datafield tag="260" ind1=" " ind2=" ">
            <subfield code="a">London :</subfield>
            <subfield code="b">Illustrated London News,</subfield>
            <subfield code="c">1983-</subfield>
        </datafield>
        <datafield tag="300" ind1=" " ind2=" ">
            <subfield code="a">v. :</subfield>
            <subfield code="b">col. ill., ports.(some col.) ;</subfield>
            <subfield code="c">30 cm.</subfield>
        </datafield>
        <datafield tag="310" ind1=" " ind2=" ">
            <subfield code="a">Quarterly</subfield>
        </datafield>
        <datafield tag="336" ind1=" " ind2=" ">
            <subfield code="a">text</subfield>
            <subfield code="2">rdacontent</subfield>
        </datafield>
        <datafield tag="337" ind1=" " ind2=" ">
            <subfield code="a">unmediated</subfield>
            <subfield code="2">rdamedia</subfield>
        </datafield>
        <datafield tag="338" ind1=" " ind2=" ">
            <subfield code="a">volume</subfield>
            <subfield code="2">rdacarrier</subfield>
        </datafield>
        <datafield tag="362" ind1="0" ind2=" ">
            <subfield code="a">Vol. 1, no. 1 (1983)-</subfield>
        </datafield>
        <datafield tag="362" ind1="1" ind2=" ">
            <subfield code="a">Ceased with Vol. 25, no. 1 in 2008.</subfield>
        </datafield>
        <datafield tag="540" ind1=" " ind2=" ">
            <subfield code="a">Current Copyright Fee: GBP25.00</subfield>
            <subfield code="c">0</subfield>
            <subfield code="5">Uk</subfield>
        </datafield>
        <datafield tag="595" ind1=" " ind2=" ">
            <subfield code="a">SEE ALSO SERIAL RECORDS USC AND CARD INDEX.</subfield>
        </datafield>
        <datafield tag="653" ind1="1" ind2=" ">
            <subfield code="a">English serials</subfield>
        </datafield>
        <datafield tag="785" ind1="0" ind2="0">
            <subfield code="t">Sphere (London, England : 2008)</subfield>
            <subfield code="x">2040-5316</subfield>
        </datafield>
        <datafield tag="852" ind1="4" ind2="1">
            <subfield code="a">British Library</subfield>
            <subfield code="b">HMNTS</subfield>
            <subfield code="j">ZK.9.b.6049</subfield>
        </datafield>
        <datafield tag="866" ind1=" " ind2="0">
            <subfield code="a">Vol. 10 no. 2 (Summer 1993)-v. 25, no. 1 (2008)</subfield>
            <subfield code="x">.</subfield>
        </datafield>
        <datafield tag="945" ind1=" " ind2=" ">
            <subfield code="a">Orient Express magazine.</subfield>
        </datafield>
        <datafield tag="979" ind1=" " ind2=" ">
            <subfield code="a">British Library</subfield>
            <subfield code="b">DSC</subfield>
            <subfield code="j">6291.143450N</subfield>
            <subfield code="x">Not selected</subfield>
        </datafield>
    </record>