
    <record>
        <leader>00646 am a2200229ua 4500</leader>
        <controlfield tag="001">011371185</controlfield>
        <controlfield tag="005">20091122181700.0</controlfield>
        <controlfield tag="008">841122s1982    xxu    ||    |||1 ||eng  </controlfield>
        <datafield tag="010" ind1=" " ind2=" ">
            <subfield code="a">81010366</subfield>
        </datafield>
        <datafield tag="019" ind1="1" ind2=" ">
            <subfield code="a">0865650160</subfield>
        </datafield>
        <datafield tag="020" ind1=" " ind2=" ">
            <subfield code="a">0865650160</subfield>
        </datafield>
        <datafield tag="040" ind1=" " ind2=" ">
            <subfield code="a">Uk</subfield>
            <subfield code="c">Uk</subfield>
        </datafield>
        <datafield tag="100" ind1="1" ind2=" ">
            <subfield code="a">Behrend, George.</subfield>
        </datafield>
        <datafield tag="245" ind1="1" ind2="0">
            <subfield code="a">Luxury trains :</subfield>
            <subfield code="b">from the Orient Express to the TGV /</subfield>
            <subfield code="c">George Behrend.</subfield>
        </datafield>
        <datafield tag="260" ind1=" " ind2=" ">
            <subfield code="a">New York :</subfield>
            <subfield code="b">Vendome Press,</subfield>
            <subfield code="c">[1982]</subfield>
        </datafield>
        <datafield tag="300" ind1=" " ind2=" ">
            <subfield code="a">232p. :</subfield>
            <subfield code="b">ill.</subfield>
        </datafield>
        <datafield tag="336" ind1=" " ind2=" ">
            <subfield code="a">text</subfield>
            <subfield code="2">rdacontent</subfield>
        </datafield>
        <datafield tag="337" ind1=" " ind2=" ">
            <subfield code="a">unmediated</subfield>
            <subfield code="2">rdamedia</subfield>
        </datafield>
        <datafield tag="338" ind1=" " ind2=" ">
            <subfield code="a">volume</subfield>
            <subfield code="2">rdacarrier</subfield>
        </datafield>
        <datafield tag="653" ind1=" " ind2=" ">
            <subfield code="a">Railways</subfield>
            <subfield code="a">to date</subfield>
        </datafield>
        <datafield tag="852" ind1="4" ind2="1">
            <subfield code="a">British Library</subfield>
            <subfield code="b">HMNTS</subfield>
            <subfield code="j">L.42/2910</subfield>
        </datafield>
        <datafield tag="957" ind1=" " ind2=" ">
            <subfield code="a">840915p</subfield>
        </datafield>
    </record>