
    <record>
        <leader>00831cam a22002533u 4500</leader>
        <controlfield tag="001">011093661</controlfield>
        <controlfield tag="005">20091214062200.0</controlfield>
        <controlfield tag="008">020216s2001    stka   ||     001 ||eng  </controlfield>
        <datafield tag="019" ind1="a" ind2=" ">
            <subfield code="a">G07326042</subfield>
        </datafield>
        <datafield tag="019" ind1="g" ind2=" ">
            <subfield code="a">adv5003200129</subfield>
        </datafield>
        <datafield tag="020" ind1=" " ind2=" ">
            <subfield code="a">0901845183</subfield>
        </datafield>
        <datafield tag="040" ind1=" " ind2=" ">
            <subfield code="a">Uk</subfield>
            <subfield code="c">Uk</subfield>
        </datafield>
        <datafield tag="100" ind1="1" ind2=" ">
            <subfield code="a">Behrend, George,</subfield>
            <subfield code="d">1922-</subfield>
        </datafield>
        <datafield tag="245" ind1="1" ind2="0">
            <subfield code="a">Pullman and the Orient Express /</subfield>
            <subfield code="c">George Behrend.</subfield>
        </datafield>
        <datafield tag="260" ind1=" " ind2=" ">
            <subfield code="a">Buckie :</subfield>
            <subfield code="b">G. Behrend,</subfield>
            <subfield code="c">2001?.</subfield>
        </datafield>
        <datafield tag="300" ind1=" " ind2=" ">
            <subfield code="a">461 p. :</subfield>
            <subfield code="b">ill. ;</subfield>
            <subfield code="c">29 cm.</subfield>
        </datafield>
        <datafield tag="336" ind1=" " ind2=" ">
            <subfield code="a">text</subfield>
            <subfield code="2">rdacontent</subfield>
        </datafield>
        <datafield tag="337" ind1=" " ind2=" ">
            <subfield code="a">unmediated</subfield>
            <subfield code="2">rdamedia</subfield>
        </datafield>
        <datafield tag="338" ind1=" " ind2=" ">
            <subfield code="a">volume</subfield>
            <subfield code="2">rdacarrier</subfield>
        </datafield>
        <datafield tag="500" ind1=" " ind2=" ">
            <subfield code="a">At head of cover: Compagnie des wagons-lits.</subfield>
        </datafield>
        <datafield tag="504" ind1=" " ind2=" ">
            <subfield code="a">Includes bibliographical references and index.</subfield>
        </datafield>
        <datafield tag="710" ind1="2" ind2=" ">
            <subfield code="a">Compagnie internationale des wagon-lits et des grands express européens.</subfield>
        </datafield>
        <datafield tag="852" ind1="4" ind2="1">
            <subfield code="a">British Library</subfield>
            <subfield code="b">DSC</subfield>
            <subfield code="j">m02/14977</subfield>
        </datafield>
        <datafield tag="966" ind1=" " ind2=" ">
            <subfield code="l">ACQUIS 06/02/2002</subfield>
        </datafield>
    </record>