
    <record>
        <leader>00787 am a2200253ui 4500</leader>
        <controlfield tag="001">010152395</controlfield>
        <controlfield tag="005">20100502120700.0</controlfield>
        <controlfield tag="008">800607s1979    fr      |     000 1 fre  </controlfield>
        <datafield tag="019" ind1="1" ind2=" ">
            <subfield code="a">2226008020</subfield>
        </datafield>
        <datafield tag="020" ind1=" " ind2=" ">
            <subfield code="a">2226008020</subfield>
        </datafield>
        <datafield tag="040" ind1=" " ind2=" ">
            <subfield code="a">Uk</subfield>
            <subfield code="c">Uk</subfield>
        </datafield>
        <datafield tag="082" ind1="0" ind2="4">
            <subfield code="a">843/.9/1</subfield>
            <subfield code="2">18</subfield>
        </datafield>
        <datafield tag="100" ind1="1" ind2=" ">
            <subfield code="a">Rémy, Pierre-Jean,</subfield>
            <subfield code="d">1937-2010.</subfield>
        </datafield>
        <datafield tag="245" ind1="1" ind2="0">
            <subfield code="a">Orient-Express :</subfield>
            <subfield code="b">roman /</subfield>
            <subfield code="c">Pierre-Jean Remy.</subfield>
        </datafield>
        <datafield tag="260" ind1=" " ind2=" ">
            <subfield code="a">Paris :</subfield>
            <subfield code="b">Albin Michel,</subfield>
            <subfield code="c">1979.</subfield>
        </datafield>
        <datafield tag="300" ind1=" " ind2=" ">
            <subfield code="a">370p. ;</subfield>
            <subfield code="c">23cm.</subfield>
        </datafield>
        <datafield tag="336" ind1=" " ind2=" ">
            <subfield code="a">text</subfield>
            <subfield code="2">rdacontent</subfield>
        </datafield>
        <datafield tag="337" ind1=" " ind2=" ">
            <subfield code="a">unmediated</subfield>
            <subfield code="2">rdamedia</subfield>
        </datafield>
        <datafield tag="338" ind1=" " ind2=" ">
            <subfield code="a">volume</subfield>
            <subfield code="2">rdacarrier</subfield>
        </datafield>
        <datafield tag="650" ind1=" " ind2="0">
            <subfield code="a">French fiction.</subfield>
        </datafield>
        <datafield tag="653" ind1=" " ind2=" ">
            <subfield code="a">Fiction in French</subfield>
            <subfield code="a">1900-</subfield>
            <subfield code="a">Texts</subfield>
        </datafield>
        <datafield tag="852" ind1="4" ind2="1">
            <subfield code="a">British Library</subfield>
            <subfield code="b">HMNTS</subfield>
            <subfield code="j">X.909/86489</subfield>
        </datafield>
        <datafield tag="886" ind1="2" ind2=" ">
            <subfield code="2">ukmarc</subfield>
            <subfield code="a">900</subfield>
            <subfield code="b">10</subfield>
            <subfield code="a">Angremy</subfield>
            <subfield code="h">Jean-Pierre</subfield>
            <subfield code="c">1937-</subfield>
            <subfield code="x">See</subfield>
            <subfield code="a">Remy, Pierre- Jean,</subfield>
            <subfield code="x">1937-</subfield>
            <subfield code="z">100</subfield>
        </datafield>
        <datafield tag="957" ind1=" " ind2=" ">
            <subfield code="a">791015P 412</subfield>
        </datafield>
    </record>