
    <record>
        <leader>01098 am a2200337ua 4500</leader>
        <controlfield tag="001">009921005</controlfield>
        <controlfield tag="003">Uk</controlfield>
        <controlfield tag="005">20160118100949.0</controlfield>
        <controlfield tag="008">040308r20031934enk    ||     000 1|eng  </controlfield>
        <datafield tag="015" ind1=" " ind2=" ">
            <subfield code="a">GBA421662</subfield>
            <subfield code="2">bnb</subfield>
        </datafield>
        <datafield tag="019" ind1="1" ind2=" ">
            <subfield code="a">bA421662</subfield>
        </datafield>
        <datafield tag="019" ind1="9" ind2=" ">
            <subfield code="a">bA421662</subfield>
        </datafield>
        <datafield tag="019" ind1="y" ind2=" ">
            <subfield code="a">bA421662</subfield>
        </datafield>
        <datafield tag="020" ind1=" " ind2=" ">
            <subfield code="c">No price</subfield>
        </datafield>
        <datafield tag="039" ind1="0" ind2=" ">
            <subfield code="a">2784</subfield>
        </datafield>
        <datafield tag="040" ind1=" " ind2=" ">
            <subfield code="a">Uk</subfield>
            <subfield code="c">Uk</subfield>
        </datafield>
        <datafield tag="082" ind1="0" ind2="4">
            <subfield code="a">823.912</subfield>
            <subfield code="2">22</subfield>
        </datafield>
        <datafield tag="100" ind1="1" ind2=" ">
            <subfield code="a">Christie, Agatha,</subfield>
            <subfield code="d">1890-1976.</subfield>
        </datafield>
        <datafield tag="245" ind1="1" ind2="0">
            <subfield code="a">Murder on the Orient Express /</subfield>
            <subfield code="c">Agatha Christie.</subfield>
        </datafield>
        <datafield tag="260" ind1=" " ind2=" ">
            <subfield code="a">London :</subfield>
            <subfield code="b">Planet Three,</subfield>
            <subfield code="c">[2003?], c1934.</subfield>
        </datafield>
        <datafield tag="300" ind1=" " ind2=" ">
            <subfield code="a">190 p. ;</subfield>
            <subfield code="c">21 cm.</subfield>
        </datafield>
        <datafield tag="336" ind1=" " ind2=" ">
            <subfield code="a">text</subfield>
            <subfield code="2">rdacontent</subfield>
        </datafield>
        <datafield tag="337" ind1=" " ind2=" ">
            <subfield code="a">unmediated</subfield>
            <subfield code="2">rdamedia</subfield>
        </datafield>
        <datafield tag="338" ind1=" " ind2=" ">
            <subfield code="a">volume</subfield>
            <subfield code="2">rdacarrier</subfield>
        </datafield>
        <datafield tag="490" ind1="1" ind2=" ">
            <subfield code="a">Great reads</subfield>
        </datafield>
        <datafield tag="600" ind1="1" ind2="0">
            <subfield code="a">Poirot, Hercule</subfield>
            <subfield code="c">(Fictitious character)</subfield>
            <subfield code="v">Fiction.</subfield>
        </datafield>
        <datafield tag="650" ind1=" " ind2="0">
            <subfield code="a">Orient Express (Express train)</subfield>
            <subfield code="v">Fiction.</subfield>
        </datafield>
        <datafield tag="830" ind1=" " ind2="0">
            <subfield code="a">Great reads.</subfield>
        </datafield>
        <datafield tag="852" ind1="4" ind2="1">
            <subfield code="a">British Library</subfield>
            <subfield code="b">HMNTS</subfield>
            <subfield code="j">Nov.2004/361</subfield>
        </datafield>
        <datafield tag="886" ind1="2" ind2=" ">
            <subfield code="2">ukmarc</subfield>
            <subfield code="a">900</subfield>
            <subfield code="b">10</subfield>
            <subfield code="a">Mallowan</subfield>
            <subfield code="h">Agatha Christie</subfield>
            <subfield code="f">Lady</subfield>
            <subfield code="x">See</subfield>
            <subfield code="a">Christie, Agatha,</subfield>
            <subfield code="x">1890-1976</subfield>
            <subfield code="z">100</subfield>
        </datafield>
        <datafield tag="886" ind1="2" ind2=" ">
            <subfield code="2">ukmarc</subfield>
            <subfield code="a">900</subfield>
            <subfield code="b">10</subfield>
            <subfield code="a">Westmacott</subfield>
            <subfield code="h">Mary</subfield>
            <subfield code="c">1890-1976</subfield>
            <subfield code="x">See also</subfield>
            <subfield code="a">Christie, Agatha,</subfield>
            <subfield code="x">1890-1976</subfield>
            <subfield code="z">100</subfield>
        </datafield>
    </record>