
    <record>
        <leader>01190 as a2200397 a 4500</leader>
        <controlfield tag="001">009911630</controlfield>
        <controlfield tag="003">Uk</controlfield>
        <controlfield tag="005">20090331171136.0</controlfield>
        <controlfield tag="006">aabc |||||||||||||</controlfield>
        <controlfield tag="007">ta</controlfield>
        <controlfield tag="008">930914d19932001enkqr p       0   a0eng  </controlfield>
        <datafield tag="015" ind1=" " ind2=" ">
            <subfield code="a">GBA142323</subfield>
            <subfield code="2">bnb</subfield>
        </datafield>
        <datafield tag="019" ind1="1" ind2=" ">
            <subfield code="a">bA142323</subfield>
        </datafield>
        <datafield tag="019" ind1="9" ind2=" ">
            <subfield code="a">bA142323</subfield>
        </datafield>
        <datafield tag="019" ind1="y" ind2=" ">
            <subfield code="a">bA142323</subfield>
        </datafield>
        <datafield tag="022" ind1="0" ind2=" ">
            <subfield code="a">1350-9020</subfield>
            <subfield code="2">02</subfield>
        </datafield>
        <datafield tag="039" ind1="0" ind2=" ">
            <subfield code="a">2651</subfield>
        </datafield>
        <datafield tag="040" ind1=" " ind2=" ">
            <subfield code="a">Uk</subfield>
            <subfield code="c">Uk</subfield>
            <subfield code="d">Uk</subfield>
        </datafield>
        <datafield tag="042" ind1=" " ind2=" ">
            <subfield code="a">ukblsr</subfield>
            <subfield code="a">issnuk</subfield>
        </datafield>
        <datafield tag="082" ind1="0" ind2="4">
            <subfield code="a">950.05</subfield>
            <subfield code="2">22</subfield>
        </datafield>
        <datafield tag="210" ind1="0" ind2=" ">
            <subfield code="a">E &amp; O mag.</subfield>
        </datafield>
        <datafield tag="222" ind1=" " ind2="0">
            <subfield code="a">E &amp; O magazine</subfield>
        </datafield>
        <datafield tag="245" ind1="0" ind2="0">
            <subfield code="a">E &amp; O magazine :</subfield>
            <subfield code="b">Eastern &amp; oriental express.</subfield>
        </datafield>
        <datafield tag="246" ind1="3" ind2=" ">
            <subfield code="a">Eastern and Oriental magazine</subfield>
        </datafield>
        <datafield tag="260" ind1=" " ind2=" ">
            <subfield code="a">London (20 Upper Ground, London SE1 9PF) :</subfield>
            <subfield code="b">Illustrated London News Group,</subfield>
            <subfield code="c">1993-</subfield>
        </datafield>
        <datafield tag="300" ind1=" " ind2=" ">
            <subfield code="a">v. :</subfield>
            <subfield code="b">col. ill., col. maps,col. ports. ;</subfield>
            <subfield code="c">30 cm.</subfield>
        </datafield>
        <datafield tag="310" ind1=" " ind2=" ">
            <subfield code="a">Quarterly</subfield>
        </datafield>
        <datafield tag="336" ind1=" " ind2=" ">
            <subfield code="a">text</subfield>
            <subfield code="2">rdacontent</subfield>
        </datafield>
        <datafield tag="337" ind1=" " ind2=" ">
            <subfield code="a">unmediated</subfield>
            <subfield code="2">rdamedia</subfield>
        </datafield>
        <datafield tag="338" ind1=" " ind2=" ">
            <subfield code="a">volume</subfield>
            <subfield code="2">rdacarrier</subfield>
        </datafield>
        <datafield tag="362" ind1="0" ind2=" ">
            <subfield code="a">Vol. 1, no. 1-v. 9, no. 2.</subfield>
        </datafield>
        <datafield tag="500" ind1=" " ind2=" ">
            <subfield code="a">Description based on: Vol. 8, no. 1.</subfield>
        </datafield>
        <datafield tag="651" ind1=" " ind2="0">
            <subfield code="a">East Asia</subfield>
            <subfield code="v">Periodicals.</subfield>
        </datafield>
        <datafield tag="785" ind1="0" ind2="0">
            <subfield code="t">Orient-Express Eastern &amp; Oriental magazine</subfield>
            <subfield code="x">2040-5324</subfield>
        </datafield>
        <datafield tag="852" ind1="4" ind2="1">
            <subfield code="a">British Library</subfield>
            <subfield code="b">HMNTS</subfield>
            <subfield code="j">ZK.9.b.15856</subfield>
        </datafield>
        <datafield tag="866" ind1=" " ind2="0">
            <subfield code="a">Vol.1, no.1-v.9, no.2</subfield>
        </datafield>
    </record>