
    <record>
        <leader>00990 am a2200289ua 4500</leader>
        <controlfield tag="001">009372437</controlfield>
        <controlfield tag="005">20091122110000.0</controlfield>
        <controlfield tag="008">850318r19841959enk    ||     000 1|eng  </controlfield>
        <datafield tag="015" ind1=" " ind2=" ">
            <subfield code="a">GB8512511</subfield>
            <subfield code="2">bnb</subfield>
        </datafield>
        <datafield tag="019" ind1="1" ind2=" ">
            <subfield code="a">0006170064</subfield>
        </datafield>
        <datafield tag="019" ind1="9" ind2=" ">
            <subfield code="a">0006170064</subfield>
        </datafield>
        <datafield tag="019" ind1="y" ind2=" ">
            <subfield code="a">b8512511</subfield>
        </datafield>
        <datafield tag="020" ind1=" " ind2=" ">
            <subfield code="a">0006170064 (pbk) :</subfield>
            <subfield code="c">£1.50</subfield>
        </datafield>
        <datafield tag="039" ind1="0" ind2=" ">
            <subfield code="a">1833</subfield>
        </datafield>
        <datafield tag="040" ind1=" " ind2=" ">
            <subfield code="a">Uk</subfield>
            <subfield code="c">Uk</subfield>
        </datafield>
        <datafield tag="082" ind1="0" ind2="4">
            <subfield code="a">823/.912</subfield>
            <subfield code="2">19</subfield>
        </datafield>
        <datafield tag="100" ind1="1" ind2=" ">
            <subfield code="a">Christie, Agatha,</subfield>
            <subfield code="d">1890-1976.</subfield>
        </datafield>
        <datafield tag="245" ind1="1" ind2="0">
            <subfield code="a">Murder on the Orient Express /</subfield>
            <subfield code="c">Agatha Christie.</subfield>
        </datafield>
        <datafield tag="260" ind1=" " ind2=" ">
            <subfield code="a">[London] :</subfield>
            <subfield code="b">Fontana,</subfield>
            <subfield code="c">1959, c1933</subfield>
            <subfield code="g">(1984 [printing])</subfield>
        </datafield>
        <datafield tag="300" ind1=" " ind2=" ">
            <subfield code="a">191p. ;</subfield>
            <subfield code="c">18cm.</subfield>
        </datafield>
        <datafield tag="336" ind1=" " ind2=" ">
            <subfield code="a">text</subfield>
            <subfield code="2">rdacontent</subfield>
        </datafield>
        <datafield tag="337" ind1=" " ind2=" ">
            <subfield code="a">unmediated</subfield>
            <subfield code="2">rdamedia</subfield>
        </datafield>
        <datafield tag="338" ind1=" " ind2=" ">
            <subfield code="a">volume</subfield>
            <subfield code="2">rdacarrier</subfield>
        </datafield>
        <datafield tag="653" ind1=" " ind2=" ">
            <subfield code="a">Fiction in English</subfield>
            <subfield code="a">1900-1945</subfield>
            <subfield code="a">Texts</subfield>
        </datafield>
        <datafield tag="852" ind1="4" ind2="1">
            <subfield code="a">British Library</subfield>
            <subfield code="b">HMNTS</subfield>
            <subfield code="j">H.96/209</subfield>
        </datafield>
        <datafield tag="886" ind1="2" ind2=" ">
            <subfield code="2">ukmarc</subfield>
            <subfield code="a">900</subfield>
            <subfield code="b">10</subfield>
            <subfield code="a">Mallowan</subfield>
            <subfield code="h">Agatha Christie</subfield>
            <subfield code="f">Lady</subfield>
            <subfield code="x">See</subfield>
            <subfield code="a">Christie, Agatha</subfield>
            <subfield code="z">100</subfield>
        </datafield>
        <datafield tag="886" ind1="2" ind2=" ">
            <subfield code="2">ukmarc</subfield>
            <subfield code="a">900</subfield>
            <subfield code="b">10</subfield>
            <subfield code="a">Westmacott</subfield>
            <subfield code="h">Mary</subfield>
            <subfield code="c">1890-1976</subfield>
            <subfield code="x">For this author under other names see</subfield>
            <subfield code="a">Christie, Agatha</subfield>
            <subfield code="z">100</subfield>
        </datafield>
    </record>