
    <record>
        <leader>00649 am a2200241ua 4500</leader>
        <controlfield tag="001">008846753</controlfield>
        <controlfield tag="005">20091122093000.0</controlfield>
        <controlfield tag="008">910411s1986    gw     ||    |||| ||ger  </controlfield>
        <datafield tag="019" ind1="1" ind2=" ">
            <subfield code="a">3922138276</subfield>
        </datafield>
        <datafield tag="020" ind1=" " ind2=" ">
            <subfield code="a">3922138276</subfield>
        </datafield>
        <datafield tag="040" ind1=" " ind2=" ">
            <subfield code="a">Uk</subfield>
            <subfield code="c">Uk</subfield>
        </datafield>
        <datafield tag="041" ind1="0" ind2=" ">
            <subfield code="a">ger</subfield>
            <subfield code="b">eng</subfield>
        </datafield>
        <datafield tag="100" ind1="1" ind2=" ">
            <subfield code="a">Sölch, Werner.</subfield>
        </datafield>
        <datafield tag="245" ind1="1" ind2="0">
            <subfield code="a">Orient-Express im Bild.</subfield>
        </datafield>
        <datafield tag="260" ind1=" " ind2=" ">
            <subfield code="a">Egglham :</subfield>
            <subfield code="b">Bufe-Fachbuch,</subfield>
            <subfield code="c">[1986?]</subfield>
        </datafield>
        <datafield tag="300" ind1=" " ind2=" ">
            <subfield code="a">173p. :</subfield>
            <subfield code="b">chieflyill.</subfield>
        </datafield>
        <datafield tag="336" ind1=" " ind2=" ">
            <subfield code="a">text</subfield>
            <subfield code="2">rdacontent</subfield>
        </datafield>
        <datafield tag="337" ind1=" " ind2=" ">
            <subfield code="a">unmediated</subfield>
            <subfield code="2">rdamedia</subfield>
        </datafield>
        <datafield tag="338" ind1=" " ind2=" ">
            <subfield code="a">volume</subfield>
            <subfield code="2">rdacarrier</subfield>
        </datafield>
        <datafield tag="546" ind1=" " ind2=" ">
            <subfield code="a">Chronology in English.</subfield>
        </datafield>
        <datafield tag="653" ind1=" " ind2=" ">
            <subfield code="a">Europe</subfield>
            <subfield code="a">Railways</subfield>
        </datafield>
        <datafield tag="852" ind1="4" ind2="1">
            <subfield code="a">British Library</subfield>
            <subfield code="b">HMNTS</subfield>
            <subfield code="j">YA.1991.b.2025</subfield>
        </datafield>
        <datafield tag="957" ind1=" " ind2=" ">
            <subfield code="a">880315p</subfield>
        </datafield>
    </record>