
    <record>
        <leader>01510 am a2200361ua 4500</leader>
        <controlfield tag="001">008602020</controlfield>
        <controlfield tag="005">20091122005600.0</controlfield>
        <controlfield tag="008">980320s1996    hk a   ||     100 ||eng  </controlfield>
        <datafield tag="019" ind1="2" ind2=" ">
            <subfield code="a">bld0072691</subfield>
        </datafield>
        <datafield tag="020" ind1=" " ind2=" ">
            <subfield code="a">9627558249 (pbk)</subfield>
        </datafield>
        <datafield tag="040" ind1=" " ind2=" ">
            <subfield code="a">Uk</subfield>
            <subfield code="c">Uk</subfield>
        </datafield>
        <datafield tag="041" ind1="0" ind2=" ">
            <subfield code="a">eng</subfield>
            <subfield code="b">chi</subfield>
        </datafield>
        <datafield tag="111" ind1="2" ind2=" ">
            <subfield code="a">Asia-Pacific World Wide Web Conference</subfield>
            <subfield code="d">(1996 :</subfield>
            <subfield code="c">University of Hong Kong)</subfield>
        </datafield>
        <datafield tag="245" ind1="1" ind2="0">
            <subfield code="a">Collaboration via the Virtual Orient Express :</subfield>
            <subfield code="b">proceedings of the Asia-Pacific World Wide Web Conference and the Second Hong Kong Web Symposium /</subfield>
            <subfield code="c">edited by Stephen Mak, Fred Castro and John Bacon-Shone.</subfield>
        </datafield>
        <datafield tag="260" ind1=" " ind2=" ">
            <subfield code="a">[Hong Kong] :</subfield>
            <subfield code="b">Social Sciences Research Centre, the University of Hong Kong,</subfield>
            <subfield code="c">1996.</subfield>
        </datafield>
        <datafield tag="300" ind1=" " ind2=" ">
            <subfield code="a">467 p. :</subfield>
            <subfield code="b">ill. ;</subfield>
            <subfield code="c">22 cm.</subfield>
        </datafield>
        <datafield tag="336" ind1=" " ind2=" ">
            <subfield code="a">text</subfield>
            <subfield code="2">rdacontent</subfield>
        </datafield>
        <datafield tag="337" ind1=" " ind2=" ">
            <subfield code="a">unmediated</subfield>
            <subfield code="2">rdamedia</subfield>
        </datafield>
        <datafield tag="338" ind1=" " ind2=" ">
            <subfield code="a">volume</subfield>
            <subfield code="2">rdacarrier</subfield>
        </datafield>
        <datafield tag="504" ind1=" " ind2=" ">
            <subfield code="a">Includes bibliographical references.</subfield>
        </datafield>
        <datafield tag="546" ind1=" " ind2=" ">
            <subfield code="a">Papers in English and Chinese.</subfield>
        </datafield>
        <datafield tag="650" ind1=" " ind2="0">
            <subfield code="a">Education</subfield>
            <subfield code="x">Computer network resources</subfield>
            <subfield code="x">Congresses.</subfield>
        </datafield>
        <datafield tag="650" ind1=" " ind2="0">
            <subfield code="a">Internet in education</subfield>
            <subfield code="x">Congresses.</subfield>
        </datafield>
        <datafield tag="650" ind1=" " ind2="0">
            <subfield code="a">World Wide Web</subfield>
            <subfield code="x">Congresses.</subfield>
        </datafield>
        <datafield tag="700" ind1="1" ind2=" ">
            <subfield code="a">Bacon-Shone, John.</subfield>
        </datafield>
        <datafield tag="700" ind1="1" ind2=" ">
            <subfield code="a">Castro, Fred,</subfield>
            <subfield code="d">1941-</subfield>
        </datafield>
        <datafield tag="700" ind1="1" ind2=" ">
            <subfield code="a">Mak, Stephen.</subfield>
        </datafield>
        <datafield tag="710" ind1="2" ind2=" ">
            <subfield code="a">University of Hong Kong.</subfield>
            <subfield code="b">Social Sciences Research Centre.</subfield>
        </datafield>
        <datafield tag="711" ind1="2" ind2=" ">
            <subfield code="a">Hong Kong Web Symposium</subfield>
            <subfield code="n">(2nd :</subfield>
            <subfield code="d">1996 :</subfield>
            <subfield code="c">University of Hong Kong)</subfield>
        </datafield>
        <datafield tag="852" ind1="4" ind2="1">
            <subfield code="a">British Library</subfield>
            <subfield code="b">OC</subfield>
            <subfield code="j">ORW.1997.a.422</subfield>
        </datafield>
        <datafield tag="886" ind1="2" ind2=" ">
            <subfield code="2">blmarc</subfield>
            <subfield code="a">967</subfield>
            <subfield code="b">00</subfield>
            <subfield code="g">x</subfield>
        </datafield>
        <datafield tag="886" ind1="2" ind2=" ">
            <subfield code="2">ukmarc</subfield>
            <subfield code="a">900</subfield>
            <subfield code="b">10</subfield>
            <subfield code="a">Shone</subfield>
            <subfield code="h">John Bacon-</subfield>
            <subfield code="x">See</subfield>
            <subfield code="a">Bacon-Shone, John</subfield>
            <subfield code="z">700/2</subfield>
        </datafield>
        <datafield tag="957" ind1=" " ind2=" ">
            <subfield code="a">971115c</subfield>
        </datafield>
    </record>