
    <record>
        <leader>00663nam a2200193uu 4500</leader>
        <controlfield tag="001">007592850</controlfield>
        <controlfield tag="005">20210423181821.0</controlfield>
        <controlfield tag="008">040420s1977    xx     ||     000 ||fre  </controlfield>
        <datafield tag="019" ind1="u" ind2=" ">
            <subfield code="a">G11288565</subfield>
        </datafield>
        <datafield tag="040" ind1=" " ind2=" ">
            <subfield code="a">Uk</subfield>
            <subfield code="c">Uk</subfield>
        </datafield>
        <datafield tag="100" ind1="1" ind2=" ">
            <subfield code="a">Behrend, George.</subfield>
        </datafield>
        <datafield tag="245" ind1="1" ind2="0">
            <subfield code="a">Histoire des trains de luxe de l'Orient-Express au Tee /</subfield>
            <subfield code="c">Trans from English by J. Lepicard.</subfield>
        </datafield>
        <datafield tag="260" ind1=" " ind2=" ">
            <subfield code="a">Fribourg :</subfield>
            <subfield code="b">Office du Livre,</subfield>
            <subfield code="c">1977.</subfield>
        </datafield>
        <datafield tag="336" ind1=" " ind2=" ">
            <subfield code="a">text</subfield>
            <subfield code="2">rdacontent</subfield>
        </datafield>
        <datafield tag="337" ind1=" " ind2=" ">
            <subfield code="a">unmediated</subfield>
            <subfield code="2">rdamedia</subfield>
        </datafield>
        <datafield tag="338" ind1=" " ind2=" ">
            <subfield code="a">volume</subfield>
            <subfield code="2">rdacarrier</subfield>
        </datafield>
        <datafield tag="700" ind1="1" ind2=" ">
            <subfield code="a">Lepicard, J.</subfield>
        </datafield>
        <datafield tag="852" ind1="4" ind2="1">
            <subfield code="a">British Library</subfield>
            <subfield code="b">DSC</subfield>
            <subfield code="j">F3/4612</subfield>
        </datafield>
        <datafield tag="883" ind1="0" ind2=" ">
            <subfield code="a">Language codes assigned by Bayesian analysis of words present in record</subfield>
            <subfield code="d">20210115</subfield>
            <subfield code="q">Uk</subfield>
            <subfield code="c">0.9450</subfield>
        </datafield>
    </record>