
    <record>
        <leader>01433 am a2200433ua 4500</leader>
        <controlfield tag="001">007402268</controlfield>
        <controlfield tag="005">20091119001500.0</controlfield>
        <controlfield tag="008">840424s1983    enkabc  |     000 | eng  </controlfield>
        <datafield tag="015" ind1=" " ind2=" ">
            <subfield code="a">GB8416129</subfield>
            <subfield code="2">bnb</subfield>
        </datafield>
        <datafield tag="019" ind1="1" ind2=" ">
            <subfield code="a">0712500693</subfield>
        </datafield>
        <datafield tag="019" ind1="9" ind2=" ">
            <subfield code="a">0712500693</subfield>
        </datafield>
        <datafield tag="019" ind1="a" ind2=" ">
            <subfield code="a">G00327539</subfield>
        </datafield>
        <datafield tag="019" ind1="u" ind2=" ">
            <subfield code="a">G11298960</subfield>
        </datafield>
        <datafield tag="019" ind1="y" ind2=" ">
            <subfield code="a">b8416129</subfield>
        </datafield>
        <datafield tag="020" ind1=" " ind2=" ">
            <subfield code="a">0712500693 (corrected) :</subfield>
            <subfield code="c">£5.95</subfield>
        </datafield>
        <datafield tag="020" ind1=" " ind2=" ">
            <subfield code="z">0912500693</subfield>
        </datafield>
        <datafield tag="039" ind1="0" ind2=" ">
            <subfield code="a">1787</subfield>
        </datafield>
        <datafield tag="040" ind1=" " ind2=" ">
            <subfield code="a">Uk</subfield>
            <subfield code="c">Uk</subfield>
        </datafield>
        <datafield tag="043" ind1=" " ind2=" ">
            <subfield code="a">e------</subfield>
            <subfield code="a">e------</subfield>
        </datafield>
        <datafield tag="082" ind1="0" ind2="4">
            <subfield code="a">914/.04287</subfield>
            <subfield code="2">19</subfield>
        </datafield>
        <datafield tag="082" ind1="0" ind2="4">
            <subfield code="a">914/.04558</subfield>
            <subfield code="2">19</subfield>
        </datafield>
        <datafield tag="100" ind1="1" ind2=" ">
            <subfield code="a">Campbell, Derek.</subfield>
        </datafield>
        <datafield tag="245" ind1="1" ind2="0">
            <subfield code="a">1883 _ the Orient Express _ 1983 /</subfield>
            <subfield code="c">Derek Campbell.</subfield>
        </datafield>
        <datafield tag="260" ind1=" " ind2=" ">
            <subfield code="a">Bognor Regis :</subfield>
            <subfield code="b">New Horizon,</subfield>
            <subfield code="c">c1983.</subfield>
        </datafield>
        <datafield tag="300" ind1=" " ind2=" ">
            <subfield code="a">ii,184p.,[10]p. of plates :</subfield>
            <subfield code="b">ill., 1map,ports. ;</subfield>
            <subfield code="c">22cm.</subfield>
        </datafield>
        <datafield tag="336" ind1=" " ind2=" ">
            <subfield code="a">text</subfield>
            <subfield code="2">rdacontent</subfield>
        </datafield>
        <datafield tag="337" ind1=" " ind2=" ">
            <subfield code="a">unmediated</subfield>
            <subfield code="2">rdamedia</subfield>
        </datafield>
        <datafield tag="338" ind1=" " ind2=" ">
            <subfield code="a">volume</subfield>
            <subfield code="2">rdacarrier</subfield>
        </datafield>
        <datafield tag="500" ind1=" " ind2=" ">
            <subfield code="a">Map on lining papers.</subfield>
        </datafield>
        <datafield tag="504" ind1=" " ind2=" ">
            <subfield code="a">Bibliography: p184.</subfield>
        </datafield>
        <datafield tag="590" ind1=" " ind2=" ">
            <subfield code="a">Not Replacing.20.3.90.Out of Scope</subfield>
        </datafield>
        <datafield tag="650" ind1=" " ind2="0">
            <subfield code="a">Orient Express (Express train)</subfield>
        </datafield>
        <datafield tag="651" ind1=" " ind2="0">
            <subfield code="a">Europe</subfield>
            <subfield code="x">Description and travel</subfield>
            <subfield code="y">1800-1918.</subfield>
        </datafield>
        <datafield tag="651" ind1=" " ind2="1">
            <subfield code="a">Europe</subfield>
            <subfield code="x">Description and travel</subfield>
            <subfield code="y">1971-.</subfield>
        </datafield>
        <datafield tag="653" ind1=" " ind2=" ">
            <subfield code="a">Europe</subfield>
            <subfield code="a">Railway passenger transport services</subfield>
            <subfield code="a">Orient Express</subfield>
            <subfield code="a">Journeys</subfield>
            <subfield code="a">1883</subfield>
        </datafield>
        <datafield tag="653" ind1=" " ind2=" ">
            <subfield code="a">Europe</subfield>
            <subfield code="a">Railway passenger transport services</subfield>
            <subfield code="a">Orient Express</subfield>
            <subfield code="a">Journeys</subfield>
            <subfield code="a">1983</subfield>
        </datafield>
        <datafield tag="852" ind1="4" ind2="1">
            <subfield code="a">British Library</subfield>
            <subfield code="b">DSC</subfield>
            <subfield code="j">84/25063</subfield>
        </datafield>
        <datafield tag="852" ind1="4" ind2="1">
            <subfield code="a">British Library</subfield>
            <subfield code="b">HMNTS</subfield>
            <subfield code="j">X.809/58284</subfield>
        </datafield>
        <datafield tag="866" ind1=" " ind2="0">
            <subfield code="z">missing</subfield>
        </datafield>
    </record>