
    <record>
        <leader>01151 as a2200373 a 4500</leader>
        <controlfield tag="001">007213180</controlfield>
        <controlfield tag="003">Uk</controlfield>
        <controlfield tag="005">20090331171221.0</controlfield>
        <controlfield tag="006">aa   |||||||||||||</controlfield>
        <controlfield tag="007">ta</controlfield>
        <controlfield tag="008">031218d20012008enkqr p       0   a0eng  </controlfield>
        <datafield tag="019" ind1="1" ind2=" ">
            <subfield code="a">bld00M8502</subfield>
        </datafield>
        <datafield tag="022" ind1="0" ind2=" ">
            <subfield code="a">2040-5324</subfield>
            <subfield code="2">02</subfield>
        </datafield>
        <datafield tag="040" ind1=" " ind2=" ">
            <subfield code="a">Uk</subfield>
            <subfield code="c">Uk</subfield>
            <subfield code="d">Uk</subfield>
        </datafield>
        <datafield tag="042" ind1=" " ind2=" ">
            <subfield code="a">ukblsr</subfield>
            <subfield code="a">issnuk</subfield>
        </datafield>
        <datafield tag="082" ind1="0" ind2="4">
            <subfield code="a">950.05</subfield>
            <subfield code="2">22</subfield>
        </datafield>
        <datafield tag="222" ind1=" " ind2="0">
            <subfield code="a">Orient-Express Eastern &amp; Oriental magazine</subfield>
        </datafield>
        <datafield tag="245" ind1="0" ind2="0">
            <subfield code="a">Orient-Express Eastern &amp; Oriental magazine.</subfield>
        </datafield>
        <datafield tag="246" ind1="3" ind2=" ">
            <subfield code="a">Orient-Express (Eastern &amp; Oriental) magazine</subfield>
        </datafield>
        <datafield tag="246" ind1="3" ind2=" ">
            <subfield code="a">Orient-Express Eastern and Oriental magazine</subfield>
        </datafield>
        <datafield tag="260" ind1=" " ind2=" ">
            <subfield code="a">London :</subfield>
            <subfield code="b">Illustrated London New Group,</subfield>
            <subfield code="c">2001-</subfield>
        </datafield>
        <datafield tag="300" ind1=" " ind2=" ">
            <subfield code="a">v. :</subfield>
            <subfield code="b">col. ill. ;</subfield>
            <subfield code="c">30 cm.</subfield>
        </datafield>
        <datafield tag="310" ind1=" " ind2=" ">
            <subfield code="a">Quarterly</subfield>
        </datafield>
        <datafield tag="336" ind1=" " ind2=" ">
            <subfield code="a">text</subfield>
            <subfield code="2">rdacontent</subfield>
        </datafield>
        <datafield tag="337" ind1=" " ind2=" ">
            <subfield code="a">unmediated</subfield>
            <subfield code="2">rdamedia</subfield>
        </datafield>
        <datafield tag="338" ind1=" " ind2=" ">
            <subfield code="a">volume</subfield>
            <subfield code="2">rdacarrier</subfield>
        </datafield>
        <datafield tag="362" ind1="0" ind2=" ">
            <subfield code="a">Vol. 9, no. 3-</subfield>
        </datafield>
        <datafield tag="362" ind1="1" ind2=" ">
            <subfield code="a">Ceased with Vol. 16, no. 1 in 2008.</subfield>
        </datafield>
        <datafield tag="651" ind1=" " ind2="0">
            <subfield code="a">East Asia</subfield>
            <subfield code="v">Periodicals.</subfield>
        </datafield>
        <datafield tag="780" ind1="0" ind2="0">
            <subfield code="t">E &amp; O magazine</subfield>
            <subfield code="x">1350-9020</subfield>
        </datafield>
        <datafield tag="785" ind1="0" ind2="0">
            <subfield code="t">Sphere Asia</subfield>
            <subfield code="x">2040-5332</subfield>
        </datafield>
        <datafield tag="852" ind1="4" ind2="1">
            <subfield code="a">British Library</subfield>
            <subfield code="b">HMNTS</subfield>
            <subfield code="j">ZK.9.b.15856</subfield>
        </datafield>
        <datafield tag="866" ind1=" " ind2="0">
            <subfield code="a">Vol. 9, no. 3 [19uu]-v. 16, no. 1 (2008)</subfield>
            <subfield code="x">.</subfield>
        </datafield>
        <datafield tag="957" ind1=" " ind2=" ">
            <subfield code="a">020409c</subfield>
        </datafield>
    </record>