
    <record>
        <leader>00583ncm a22001937  4500</leader>
        <controlfield tag="001">004210639</controlfield>
        <controlfield tag="005">20190504191200.0</controlfield>
        <controlfield tag="008">930308s1975    xxu||| ||||||||||   zxx |</controlfield>
        <datafield tag="019" ind1="d" ind2=" ">
            <subfield code="a">ag03270059</subfield>
        </datafield>
        <datafield tag="040" ind1=" " ind2=" ">
            <subfield code="a">Uk</subfield>
            <subfield code="c">Uk</subfield>
        </datafield>
        <datafield tag="082" ind1="1" ind2="4">
            <subfield code="a">780</subfield>
            <subfield code="2">15</subfield>
        </datafield>
        <datafield tag="100" ind1="1" ind2=" ">
            <subfield code="a">Bennett, Richard Rodney.</subfield>
        </datafield>
        <datafield tag="245" ind1="1" ind2="0">
            <subfield code="a">[Murder on the Orient Express.] The Orient Express, etc. [P. F.]</subfield>
        </datafield>
        <datafield tag="260" ind1=" " ind2=" ">
            <subfield code="a">New York :</subfield>
            <subfield code="b">EMI Film &amp; Theatre Music,</subfield>
            <subfield code="c">[1975]</subfield>
        </datafield>
        <datafield tag="300" ind1=" " ind2=" ">
            <subfield code="a">3p. ;</subfield>
            <subfield code="c">4.̊</subfield>
        </datafield>
        <datafield tag="336" ind1=" " ind2=" ">
            <subfield code="a">notated music</subfield>
            <subfield code="2">rdacontent</subfield>
        </datafield>
        <datafield tag="337" ind1=" " ind2=" ">
            <subfield code="a">unmediated</subfield>
            <subfield code="2">rdamedia</subfield>
        </datafield>
        <datafield tag="338" ind1=" " ind2=" ">
            <subfield code="a">volume</subfield>
            <subfield code="2">rdacarrier</subfield>
        </datafield>
        <datafield tag="852" ind1="4" ind2="1">
            <subfield code="a">British Library</subfield>
            <subfield code="b">MUSIC</subfield>
            <subfield code="j">f.65.bb.(3.)</subfield>
        </datafield>
    </record>