
    <record>
        <leader>01280nam a22002653  4500</leader>
        <controlfield tag="001">002543102</controlfield>
        <controlfield tag="005">20220204183232.0</controlfield>
        <controlfield tag="008">890626s1932    enk    ||     ||| 1|eng  </controlfield>
        <datafield tag="019" ind1="x" ind2=" ">
            <subfield code="a">2261940033</subfield>
        </datafield>
        <datafield tag="040" ind1=" " ind2=" ">
            <subfield code="a">Uk</subfield>
            <subfield code="c">Uk</subfield>
        </datafield>
        <datafield tag="100" ind1="1" ind2=" ">
            <subfield code="a">Morand, Paul,</subfield>
            <subfield code="d">1888-1976.</subfield>
        </datafield>
        <datafield tag="245" ind1="1" ind2="0">
            <subfield code="a">[Flèche d'Orient.] Orient Air Express ... Translated by Desmond Flower.</subfield>
        </datafield>
        <datafield tag="264" ind1=" " ind2="1">
            <subfield code="a">London :</subfield>
            <subfield code="b">Cassell &amp; Co,</subfield>
            <subfield code="c">1932.</subfield>
        </datafield>
        <datafield tag="300" ind1=" " ind2=" ">
            <subfield code="a">126 pages ;</subfield>
            <subfield code="c">(8º)</subfield>
        </datafield>
        <datafield tag="336" ind1=" " ind2=" ">
            <subfield code="a">text</subfield>
            <subfield code="2">rdacontent</subfield>
        </datafield>
        <datafield tag="337" ind1=" " ind2=" ">
            <subfield code="a">unmediated</subfield>
            <subfield code="2">rdamedia</subfield>
        </datafield>
        <datafield tag="338" ind1=" " ind2=" ">
            <subfield code="a">volume</subfield>
            <subfield code="2">rdacarrier</subfield>
        </datafield>
        <datafield tag="655" ind1=" " ind2="7">
            <subfield code="a">Fiction</subfield>
            <subfield code="2">fast</subfield>
            <subfield code="0">(OCoLC)fst01423787</subfield>
        </datafield>
        <datafield tag="700" ind1="1" ind2=" ">
            <subfield code="a">FLOWER, Desmond John Newman.</subfield>
        </datafield>
        <datafield tag="852" ind1="4" ind2="1">
            <subfield code="a">British Library</subfield>
            <subfield code="b">HMNTS</subfield>
            <subfield code="j">12517.r.35.</subfield>
        </datafield>
        <datafield tag="883" ind1="0" ind2=" ">
            <subfield code="a">008 position 33 derived from: A topical index to pressmarks in use in the British Museum Library ... / Robin Alston. (London : R.C. Alston, 1987)</subfield>
            <subfield code="d">20201214</subfield>
            <subfield code="q">Uk</subfield>
        </datafield>
        <datafield tag="883" ind1="0" ind2=" ">
            <subfield code="a">FAST headings derived from: A topical index to pressmarks in use in the British Museum Library ... / Robin Alston. (London : R.C. Alston, 1987)</subfield>
            <subfield code="d">20201111</subfield>
            <subfield code="q">Uk</subfield>
        </datafield>
        <datafield tag="883" ind1="0" ind2=" ">
            <subfield code="a">Language codes assigned by Bayesian analysis of words present in record</subfield>
        </datafield>
        <datafield tag="883" ind1="0" ind2=" ">
            <subfield code="a">Language codes assigned by Bayesian analysis of words present in record</subfield>
            <subfield code="d">20201028</subfield>
            <subfield code="q">Uk</subfield>
            <subfield code="c">0.9010</subfield>
        </datafield>
        <datafield tag="886" ind1="2" ind2=" ">
            <subfield code="2">blmarc</subfield>
            <subfield code="a">709</subfield>
            <subfield code="b">00</subfield>
            <subfield code="a">FLOWER</subfield>
            <subfield code="h">Desmond John Newman</subfield>
            <subfield code="p">12517.r.35.</subfield>
            <subfield code="x">110389031X</subfield>
        </datafield>
    </record>