
    <record>
        <leader>00754nam a22002293  4500</leader>
        <controlfield tag="001">002538027</controlfield>
        <controlfield tag="005">20200529191006.0</controlfield>
        <controlfield tag="008">941014|1914||||enk    ||     ||| ||eng  </controlfield>
        <datafield tag="019" ind1="x" ind2=" ">
            <subfield code="a">2260020089</subfield>
        </datafield>
        <datafield tag="040" ind1=" " ind2=" ">
            <subfield code="a">Uk</subfield>
            <subfield code="c">Uk</subfield>
        </datafield>
        <datafield tag="100" ind1="1" ind2=" ">
            <subfield code="a">MOORE, Arthur,</subfield>
            <subfield code="c">F.R.G.S.</subfield>
        </datafield>
        <datafield tag="245" ind1="1" ind2="4">
            <subfield code="a">The Orient Express [Sketches of travel in Persia and the Balkans.]</subfield>
        </datafield>
        <datafield tag="264" ind1=" " ind2="1">
            <subfield code="a">London :</subfield>
            <subfield code="b">Constable &amp; Co,</subfield>
            <subfield code="c">1914.</subfield>
        </datafield>
        <datafield tag="300" ind1=" " ind2=" ">
            <subfield code="a">xii, 307 pages ;</subfield>
            <subfield code="c">(8º)</subfield>
        </datafield>
        <datafield tag="336" ind1=" " ind2=" ">
            <subfield code="a">text</subfield>
            <subfield code="2">rdacontent</subfield>
        </datafield>
        <datafield tag="337" ind1=" " ind2=" ">
            <subfield code="a">unmediated</subfield>
            <subfield code="2">rdamedia</subfield>
        </datafield>
        <datafield tag="338" ind1=" " ind2=" ">
            <subfield code="a">volume</subfield>
            <subfield code="2">rdacarrier</subfield>
        </datafield>
        <datafield tag="651" ind1=" " ind2="0">
            <subfield code="a">Balkan Peninsula</subfield>
            <subfield code="x">Description and travel.</subfield>
        </datafield>
        <datafield tag="651" ind1=" " ind2="0">
            <subfield code="a">Iran</subfield>
            <subfield code="x">Description and travel.</subfield>
        </datafield>
        <datafield tag="852" ind1="4" ind2="1">
            <subfield code="a">British Library</subfield>
            <subfield code="b">HMNTS</subfield>
            <subfield code="j">10126.d.36.</subfield>
        </datafield>
        <datafield tag="852" ind1="4" ind2="1">
            <subfield code="a">British Library</subfield>
            <subfield code="b">OC</subfield>
            <subfield code="j">ORW.1986.a.1891</subfield>
        </datafield>
        <datafield tag="866" ind1=" " ind2="0">
            <subfield code="z">[Another copy.]</subfield>
            <subfield code="z">Held in OIOC.</subfield>
        </datafield>
    </record>