
    <record>
        <leader>00814nam a22002173  4500</leader>
        <controlfield tag="001">001501358</controlfield>
        <controlfield tag="005">20190524182048.0</controlfield>
        <controlfield tag="008">880907|1961||||fr     ||     ||| ||fre  </controlfield>
        <datafield tag="019" ind1="x" ind2=" ">
            <subfield code="a">131452030X</subfield>
        </datafield>
        <datafield tag="040" ind1=" " ind2=" ">
            <subfield code="a">Uk</subfield>
            <subfield code="c">Uk</subfield>
        </datafield>
        <datafield tag="100" ind1="1" ind2=" ">
            <subfield code="a">Greene, Graham,</subfield>
            <subfield code="d">1904-1991.</subfield>
        </datafield>
        <datafield tag="245" ind1="1" ind2="0">
            <subfield code="a">[Stamboul train.] Orient-express. Roman. Traduit par Denise Clairouin. Nouvelle édition, revue et corrigée.</subfield>
        </datafield>
        <datafield tag="260" ind1=" " ind2=" ">
            <subfield code="a">Paris :</subfield>
            <subfield code="b">Éditions Stock,</subfield>
            <subfield code="c">1961.</subfield>
        </datafield>
        <datafield tag="300" ind1=" " ind2=" ">
            <subfield code="a">292 p. ;</subfield>
            <subfield code="c">21 cm.</subfield>
        </datafield>
        <datafield tag="336" ind1=" " ind2=" ">
            <subfield code="a">text</subfield>
            <subfield code="2">rdacontent</subfield>
        </datafield>
        <datafield tag="337" ind1=" " ind2=" ">
            <subfield code="a">unmediated</subfield>
            <subfield code="2">rdamedia</subfield>
        </datafield>
        <datafield tag="338" ind1=" " ind2=" ">
            <subfield code="a">volume</subfield>
            <subfield code="2">rdacarrier</subfield>
        </datafield>
        <datafield tag="700" ind1="1" ind2=" ">
            <subfield code="a">CLAIROUIN, Denise.</subfield>
        </datafield>
        <datafield tag="852" ind1="4" ind2="1">
            <subfield code="a">British Library</subfield>
            <subfield code="b">HMNTS</subfield>
            <subfield code="j">X.900/14053.</subfield>
        </datafield>
        <datafield tag="883" ind1="0" ind2=" ">
            <subfield code="a">Language codes assigned by Bayesian analysis of words present in record</subfield>
            <subfield code="d">20181024</subfield>
            <subfield code="q">Uk</subfield>
            <subfield code="c">0.997</subfield>
        </datafield>
        <datafield tag="886" ind1="2" ind2=" ">
            <subfield code="2">blmarc</subfield>
            <subfield code="a">709</subfield>
            <subfield code="b">00</subfield>
            <subfield code="a">CLAIROUIN</subfield>
            <subfield code="h">Denise</subfield>
            <subfield code="p">X.900/14053.</subfield>
            <subfield code="x">0630780315</subfield>
        </datafield>
    </record>