
    <record>
        <leader>00680nam a22002053  4500</leader>
        <controlfield tag="001">000696614</controlfield>
        <controlfield tag="005">20220128181945.0</controlfield>
        <controlfield tag="008">880229|1965|||||||    ||     ||| ||eng  </controlfield>
        <datafield tag="019" ind1="x" ind2=" ">
            <subfield code="a">0620280123</subfield>
        </datafield>
        <datafield tag="040" ind1=" " ind2=" ">
            <subfield code="a">Uk</subfield>
            <subfield code="c">Uk</subfield>
        </datafield>
        <datafield tag="100" ind1="1" ind2=" ">
            <subfield code="a">Christie, Agatha,</subfield>
            <subfield code="d">1890-1976.</subfield>
        </datafield>
        <datafield tag="245" ind1="1" ind2="0">
            <subfield code="a">Murder on the Orient Express.</subfield>
        </datafield>
        <datafield tag="264" ind1=" " ind2="1">
            <subfield code="a">Ulverscroft :</subfield>
            <subfield code="b">F. A. Thorpe,</subfield>
            <subfield code="c">[1965]</subfield>
        </datafield>
        <datafield tag="300" ind1=" " ind2=" ">
            <subfield code="a">253 pages ;</subfield>
            <subfield code="c">(4º)</subfield>
        </datafield>
        <datafield tag="336" ind1=" " ind2=" ">
            <subfield code="a">text</subfield>
            <subfield code="2">rdacontent</subfield>
        </datafield>
        <datafield tag="337" ind1=" " ind2=" ">
            <subfield code="a">unmediated</subfield>
            <subfield code="2">rdamedia</subfield>
        </datafield>
        <datafield tag="338" ind1=" " ind2=" ">
            <subfield code="a">volume</subfield>
            <subfield code="2">rdacarrier</subfield>
        </datafield>
        <datafield tag="490" ind1="0" ind2=" ">
            <subfield code="a">[Ulverscroft Large Print Series.]</subfield>
        </datafield>
        <datafield tag="852" ind1="4" ind2="1">
            <subfield code="a">British Library</subfield>
            <subfield code="b">HMNTS</subfield>
            <subfield code="j">X.0902/6.(36.)</subfield>
        </datafield>
        <datafield tag="883" ind1="0" ind2=" ">
            <subfield code="a">Language codes assigned by Bayesian analysis of words present in record</subfield>
            <subfield code="d">20201028</subfield>
            <subfield code="q">Uk</subfield>
            <subfield code="c">0.9010</subfield>
        </datafield>
    </record>